@Article{rjournal, 
  title = {Flexible R functions for processing accelerometer data, with emphasis on NHANES 2003-2006},
  author = {Dane {Van Domelen} and {W. Stephen} Pittard}, 
  journal = {The R Journal}, 
  year = {2014}, 
  volume = {6}, 
  number = {2}, 
  url = {https://journal.r-project.org/archive/2014/RJ-2014-024/RJ-2014-024.pdf},
}
@Manual{printr,
  title = {printr: Automatically Print R Objects to Appropriate Formats According
to the 'knitr' Output Format},
  author = {Yihui Xie},
  year = {2017},
  note = {R package version 0.1},
  url = {https://CRAN.R-project.org/package=printr},
}
@Article{rcpp1,
  title = {{Rcpp}: Seamless {R} and {C++} Integration},
  author = {Dirk Eddelbuettel and Romain Fran\c{c}ois},
  journal = {Journal of Statistical Software},
  year = {2011},
  volume = {40},
  number = {8},
  pages = {1--18},
  url = {http://www.jstatsoft.org/v40/i08/},
  doi = {10.18637/jss.v040.i08},
}
@Book{rcpp2,
  title = {Seamless {R} and {C++} Integration with {Rcpp}},
  author = {Dirk Eddelbuettel},
  publisher = {Springer},
  address = {New York},
  year = {2013},
  note = {ISBN 978-1-4614-6867-7},
  doi = {10.1007/978-1-4614-6868-4},
}
@Article{rcpp3,
  title = {Extending R with C++: A Brief Introduction to Rcpp},
  author = {Dirk Eddelbuettel and James Joseph Balamuta},
  journal = {PeerJ Preprints},
  year = {2017},
  month = {aug},
  volume = {5},
  pages = {e3188v1},
  issn = {2167-9843},
  url = {https://doi.org/10.7287/peerj.preprints.3188v1},
  doi = {10.7287/peerj.preprints.3188v1},
}
@article{stamatakis2018time,
  title={Is the time right for quantitative public health guidelines on sitting? A narrative review of sedentary behaviour research paradigms and findings},
  author={Stamatakis, Emmanuel and Ekelund, Ulf and Ding, Ding and Hamer, Mark and Bauman, Adrian E and Lee, I-Min},
  journal={Br J Sports Med},
  pages={bjsports--2018},
  year={2018},
  publisher={BMJ Publishing Group Ltd and British Association of Sport and Exercise Medicine}
}
@article{troiano2008physical,
  title={Physical activity in the United States measured by accelerometer},
  author={Troiano, Richard P and Berrigan, David and Dodd, Kevin W and Masse, Louise C and Tilert, Timothy and McDowell, Margaret and others},
  journal={Medicine and science in sports and exercise},
  volume={40},
  number={1},
  pages={181},
  year={2008},
  publisher={WILLIAMS \& WILKINS}
}