@article{AndersenDisclap2013,
	Author = {Mikkel Meyer Andersen and Poul Svante Eriksen and Niels Morling},
	Journal = {Journal of Theoretical Biology},
	Pages = {39--51},
	Title = {{The discrete Laplace exponential family and estimation of Y-STR haplotype frequencies}},
	Volume = {329},
	Year = {2013},
  doi = {10.1016/j.jtbi.2013.03.009},
  url = {https://doi.org/10.1016/j.jtbi.2013.03.009}}
  
@article{Hallenberg2005YchromosomeSH,
  title={Y-chromosome STR haplotypes in Danes.},
  author={Charlotte Hallenberg and Karsten Nielsen and Bo Simonsen and Juan Sanchez and Niels Morling},
  journal={Forensic science international},
  year={2005},
  volume={155 2-3},
  pages={205-10}
}

@article{AndersenDisclapMixture2015,
  author = {Mikkel Meyer Andersen and Poul Svante Eriksen and Helle Smidt Mogensen and Niels Morling},
  title = {{Identifying the most likely contributors to a Y-STR mixture using the discrete Laplace method}},
  journal = {Forensic Science International: Genetics},
  pages = {76-83},
  volume = {15},
  year = {2015},
  doi = {10.1016/j.fsigen.2014.09.011},
  url = {https://doi.org/10.1016/j.fsigen.2014.09.011}}

@article{AndersenDisclapIntroduction2013,
	Author = {Mikkel Meyer Andersen and Poul Svante Eriksen and Niels Morling},
	Title = {{A gentle introduction to the discrete Laplace method for estimating Y-STR haplotype frequencies}},
	Journal = {Preprint, arXiv:1304.2129},
	Year = {2013}}

@article{BIC,
	Author = {Gideon Schwarz},
	Journal = {Annals of Statistics},
	Number = {2},
	Pages = {461-464},
	Title = {{Estimating the Dimension of a Model}},
	Volume = {6},
	Year = {1978}}

