% Encoding: UTF-8

@Article{Moores2016,
  author    = {M. Moores and K. Gracie and J. Carson and K. Faulds and D. Graham and M. Girolami},
  title     = {Bayesian modelling and quantification of {R}aman spectroscopy},
  journal   = {arXiv preprint arXiv:1604.07299 [stat.AP]},
  year      = {2016},
  owner     = {stsrjs},
  timestamp = {2015.06.24},
  url       = {http://arxiv.org/abs/1604.07299},
}

@Article{DelMoral2006,
  author     = {Del Moral, Pierre and Doucet, Arnaud and Jasra, Ajay},
  title      = {Sequential {M}onte {C}arlo samplers},
  journal    = {J. R. Stat. Soc. Ser. B},
  year       = {2006},
  volume     = {68},
  number     = {3},
  pages      = {411--436},
  bdsk-url-1 = {http://dx.doi.org/10.1111/j.1467-9868.2006.00553.x},
  doi        = {10.1111/j.1467-9868.2006.00553.x},
  file       = {:C\:\\Dropbox\\literature\\Bayesian\\SMC\\DelMoralDoucetJasra2006.pdf:PDF},
  owner      = {mooresm},
  timestamp  = {2013.12.16},
}

@Book{Ramsay2009,
  title     = {Functional Data Analysis with {R} and {MATLAB}},
  publisher = {Springer},
  year      = {2009},
  author    = {Jim O. Ramsay and Giles Hooker and Spencer Graves},
  series    = {Use R!},
  address   = {New York},
  doi       = {10.1007/978-0-387-98185-7},
  owner     = {stsrjs},
  timestamp = {2015.03.11},
}

@Book{Wood2017,
  title     = {Generalized Additive Models: An Introduction with R},
  publisher = {Chapman \& Hall/CRC Press},
  year      = {2017},
  author    = {Simon N. Wood},
  address   = {Boca Raton, FL, USA},
  edition   = {2},
  isbn      = {978-1-4987-2833-1},
  url       = {https://people.maths.bris.ac.uk/~sw15190/igam/index.html},
}

@Article{Gracie2015,
  author  = {K. Gracie and M. Moores and W. E. Smith and Harding, Kerry and M. Girolami and D. Graham and K. Faulds},
  title   = {Preferential attachment of specific fluorescent dyes and dye labelled {DNA} sequences in a {SERS} multiplex},
  journal = {Anal. Chem.},
  year    = {2016},
  volume  = {88},
  number  = {2},
  pages   = {1147--1153},
  doi     = {10.1021/acs.analchem.5b02776},
}

@Article{Watanabe2005,
  author  = {Hiroyuki Watanabe and Norihiko Hayazawa and Yasushi Inouye and Satoshi Kawata},
  title   = {{DFT} Vibrational Calculations of Rhodamine {6G} Adsorbed on Silver: Analysis of Tip-Enhanced {R}aman Spectroscopy},
  journal = {J. Phys. Chem. B},
  year    = {2005},
  volume  = {109},
  number  = {11},
  pages   = {5012--5020},
  doi     = {10.1021/jp045771u},
}

@Article{Jacob2015,
  author  = {Jacob, Pierre E. and Murray, Lawrence M. and Rubenthaler, Sylvain},
  title   = {Path storage in the particle filter},
  journal = {Stat. Comput.},
  year    = {2015},
  volume  = {25},
  number  = {2},
  pages   = {487--496},
  doi     = {10.1007/s11222-013-9445-x},
}

@Article{Lee2015,
  author  = {Anthony Lee and Nick Whiteley},
  title   = {Variance estimation in the particle filter},
  journal = {arXiv preprint arXiv:1509.00394 [stat.CO]},
  year    = {2015},
  url     = {https://arxiv.org/abs/1509.00394},
}

@Article{Thompson1987,
  author  = {P. Thompson and D. E. Cox and J. B. Hastings},
  title   = {Rietveld refinement of {D}ebye-{S}cherrer synchrotron {X}-ray data from $Al_2O_3$},
  journal = {J. Appl. Crystallogr.},
  year    = {1987},
  volume  = {20},
  number  = {2},
  pages   = {79--83},
  doi     = {10.1107/S0021889887087090},
}

@Comment{jabref-meta: databaseType:bibtex;}
