@article{adam,
	title={Adam: A method for stochastic optimization},
	author={Kingma, Diederik P and Ba, Jimmy},
	journal={arXiv preprint},
	url={https://arxiv.org/abs/1412.6980},
	year={2014}
}
@article{scores,
	title={Strictly proper scoring rules, prediction, and estimation},
	author={Gneiting, Tilmann and Raftery, Adrian E},
	journal={Journal of the American statistical Association},
	volume={102},
	number={477},
	pages={359--378},
	year={2007},
	url={https://doi.org/10.1198/016214506000001437},
	publisher={Taylor \& Francis}
}
@article{stan,
	title={The Stan Math Library: Reverse-Mode Automatic Differentiation in C++},
	author={Bob Carpenter and Matthew D. Hoffman and Marcus Brubaker and Daniel Lee and Peter Li and Michael Betancourt},
	year={2015},
	journal={arXiv preprint},
	url={https://arxiv.org/abs/1509.07164}
}
@article{variogram,
author = {Scheuerer, Michael and Hamill, Thomas M.},
title = {Variogram-Based Proper Scoring Rules for Probabilistic Forecasts of Multivariate Quantities},
journal = {Monthly Weather Review},
volume = {143},
number = {4},
pages = {1321-1334},
year = {2015},
url = {https://doi.org/10.1175/MWR-D-14-00269.1}
}
@article{wp,
	title={Probabilistic Forecast Reconciliation: Propoerties, Evaluation and Score Optimisation},
	author={Panagiotelis, Anastasios and Gamakumara, Puwasala and Athanasopoulos, George and Hyndman, Rob},
	journal={Monash EBS Working Paper 26/20},
	url={https://www.monash.edu/business/ebs/research/publications/ebs/wp26-2020.pdf},
	year={2020}
}
