@online{boost,
author = {{Boost Community}},
year = {2019},
title = {Boost C++ Libraries},
url = {http://www.boost.org/},
note = {Accessed: 2019-09-30}
}

@book{fisher1925,
author = {Fisher, Ronald A.},
title = {Statistical Methods for Research Workers},
year = {1925},
publisher = {Oliver \& Boyd},
address = {UK},
}

@book{rosenberger2016,
author = {Rosenberger, William F. and Lachin, John M.},
title = {Randomization in Clinical Trials: Theory and Practice},
year = {2016},
edition = {2},
isbn = {978-1-118-74224-2},
publisher = {John Wiley \& Sons},
address = {Hoboken, NJ, USA},
}

@book{siek2002,
author = {Siek, Jeremy G. and Lee, Lie-Quan and Lumsdaine, Andrew},
title = {The Boost Graph Library: User Guide and Reference Manual},
year = {2002},
isbn = {0-201-72914-8},
publisher = {Addison-Wesley},
address = {Boston, MA, USA},
}

@article{berger2003,
author = {Berger, Vance W. and Ivanova, Anastasia and Knoll, Maria Deloria},
journal = {Statistics in Medicine},
title = {Minimizing predictability while retaining balance through the use of less restrictive randomization procedures},
doi = {10.1002/sim.1538},
year = 2003,
volume = 22,
pages = {3017--3028},
}

@article{rcpp,
title = {{Rcpp}: Seamless {R} and {C++} Integration},
author = {Dirk Eddelbuettel and Romain Fran\c{c}ois},
journal = {Journal of Statistical Software},
year = {2011},
volume = {40},
number = {8},
pages = {1--18},
url = {http://www.jstatsoft.org/v40/i08/},
doi = {10.18637/jss.v040.i08},
}

@article{salama2008,
author = {Salama, Ibrahim and Ivanova, Anastasia and Qaqish, Bahjat},
journal = {Statistics in Medicine},
title = {Efficient generation of constrained block allocation sequences},
doi = {10.1002/sim.3014},
year = 2008,
volume = 27,
pages = {1421--1428},
}

@article{uschner2018,
author = {Uschner, Diane and Schindler, David and Hilgers, Ralf-Dieters and Heussen, Nicole},
journal = {Journal of Statistical Software},
title = {{randomizeR}: An {R} package for the assessment and implementation of randomization in clinical trials},
doi = {10.18637/jss.v085.i08},
year = 2018,
volume = 85,
number = 8,
pages = {1--22},
}