@book{penny08,
title = {Modelling the Flying Bird},
author = {Pennycuick, Colin J.},
publisher = {Elsevier},
year = {2008},
volume = {5},
address = {New Jersey},
edition = {First Edition}
}

@article{penny98,
title = {Computer Simulation of Fat and Muscle Burn in Long-distance Bird Migration},
author = {Pennycuick, Colin J.},
journal = {Journal of Theoretical Biology},
year = {1998},
volume = {191},
issue = {1},
pages = {47-61},
DOI = {https://doi.org/10.1006/jtbi.1997.0572}
}

@article{penny03,
title = {Burning the Engine: a Time-marching Computation
        of Fat and Protein Consumption in a 5420-km non-stop
        Flight by great knots, Calidris Tenuirostris},
author = {Pennycuick, Colin J. and Battley, Philip F.},
journal = {Journal of Theoretical Biology},
year = {1998},
volume = {191},
issue = {1},
pages = {47-61},
DOI = {https://doi.org/10.1006/jtbi.1997.0572}
}

@incollection{penny75,
title = {Mechanics of Flight},
author = {Pennycuick, Colin J.},
booktitle = {Avian Biology},
pulbisher = {Academic Press},
volume = {5},
year = {1975},
pages = {1 -75},
address = {New York},
editor = {Farner, D.S. and King J.R}
}
