@Manual{belitz2009,
  author  = {{Belitz, C and Brezger, A and Kneib, T and Lang, S}},
  title   = {\proglang{BayesX} - {S}oftware for {B}ayesian Inference in Structured Additive Regression Models.},
  year    = {2009},
}


@ARTICLE{bernardinelli1995,
  AUTHOR =       "Bernardinelli, L and Clayton, D and Pascutto, C and Montomoli, C and Ghislandi, M and Songini, M",
  TITLE =        "Bayesian Analysis of Space-Time Variation in Disease Risk",
  JOURNAL =      "Statistics in {M}edicine",
  YEAR =         "1995",
  volume =       "14",
  pages =        "2433-2443",
}


@ARTICLE{besag1991,
 AUTHOR =       "Besag, J and York, J and Molli\'{e}, A",
 TITLE =        "Bayesian Image Restoration with Two Applications in Spatial Statistics",
 JOURNAL =      "Annals of the {I}nstitute of {S}tatistics and {M}athematics",
 YEAR =         "1991",
 volume =       "43",
 pages =        "1-59",
}


@ARTICLE{besag1999,
 AUTHOR =       "Besag, J and Higdon, D",
 TITLE =        "Bayesian Analysis of Agricultural Field Experiments",
 JOURNAL =      "Journal of the {R}oyal {S}tatistical {S}ociety {S}eries {B}",
 YEAR =         "1999",
 volume =       "61",
 pages =        "691-746",
}


@ARTICLE{bivand2013,
 AUTHOR =       "Bivand, R",
 TITLE =        "spdep: Spatial Dependence: Weighting Schemes, Statistics and Models. R package version 0.5-56, http://CRAN.R-project.org/package=spdep",
 year =         "2013",
}


@BOOK{bivand2013b,
  AUTHOR =       "Bivand, R and Pebesma, E and {Gomez-Rubio}, V",
  TITLE =        "Applied spatial data analysis with R",
  PUBLISHER =    "Springer, NY",
  YEAR =         "2013",
  edition =      "2nd",
}


@ARTICLE{brewer2007,
 AUTHOR =       "Brewer, M and Nolan, A",
 TITLE =        "Variable Smoothing in Bayesian Intrinsic Autoregressions",
 JOURNAL =      "Environmetrics",
 YEAR =         "2007",
 volume =       "18",
 pages =        "841-857",
}

@article{carbayesst,
   author = {Duncan Lee and Alastair Rushworth and Gary Napier},
   title = {Spatio-Temporal Areal Unit Modeling in R with Conditional Autoregressive Priors Using the CARBayesST Package},
   journal = {Journal of Statistical Software, Articles},
   volume = {84},
   number = {9},
   year = {2018},
   pages = {1--39},
   doi = {10.18637/jss.v084.i09},
}

  
  
  @Manual{carbayesdata,
    title = {CARBayesdata: Data Sets Used in the Vignette Accompanying the CARBayes Package},
    author = {Duncan Lee},
    year = {2016},
    note = {R package version 2.0},
    url = {https://CRAN.R-project.org/package=CARBayesdata},
  }
  
  
@ARTICLE{celeux2006,
  AUTHOR =       "Celeux, G and Forbes, F and Robert, C and Titterington, D",
  TITLE =         "Deviance {I}nformation {C}riteria for {M}issing {D}ata {M}odels",
  JOURNAL =      "Bayesian {A}nalysis",
  YEAR =         "2006",
  volume =       "1",
  pages =        "651-674",
}


@Article{coda2006,
    title = {CODA: Convergence Diagnosis and Output Analysis for MCMC},
    author = {Martyn Plummer and Nicky Best and Kate Cowles and Karen Vines},
    journal = {R News},
    year = {2006},
    volume = {6},
    number = {1},
    pages = {7--11},
    url = {http://CRAN.R-project.org/doc/Rnews/},
    pdf = {http://CRAN.R-project.org/doc/Rnews/Rnews_2006-1.pdf},
  }
  
  
@BOOK{congdon2005,
  AUTHOR =       "Congdon, P",
  TITLE =        "Bayesian models for categorical data",
  PUBLISHER =    "John {W}iley and {S}ons",
  YEAR =         "2005",
  edition =      "1st",
}


@ARTICLE{eddelbuettel2011,
 AUTHOR =       "Eddelbuettel, D and Francois, R",
 TITLE =        "Rcpp: {S}eamless {R} and {C}++ {I}ntegration",
 JOURNAL =      "Journal of {S}tatistical {S}oftware",
 YEAR =         "2011",
 volume =       "40",
 pages =        "8",
}


@ARTICLE{gavin1997,
 AUTHOR =       "Gavin, J and Jennison, C",
 TITLE =        "A {s}ubpixel {I}mage {R}estoration {A}lgorithm",
 JOURNAL =      "Journal of {C}omputational and {G}raphical and {S}tatistics",
 YEAR =         "1997",
 volume =       "6",
 pages =        "182-201",
}

@ARTICLE{gelfand2003,
 AUTHOR =       "Gelfand, A and Vounatsou, P",
 TITLE =        "Proper multivariate conditional autoregressive
models for spatial data analysis",
 JOURNAL =      "Biostatistics",
 YEAR =         "2003",
 volume =       "4",
 pages =        "11-25",
}




@BOOK{gelman2003,
  AUTHOR =       "Gelman, A and Carlin, J and Stern, H and Rubin, D",
  TITLE =        "Bayesian {D}ata {A}nalysis",
  PUBLISHER =    "Chapman and Hall/CRC, London",
  YEAR =         "2003",
  EDITION =      "2nd",
}


@ARTICLE{gelman2006,
 AUTHOR =       "Gelman, A",
 TITLE =        "Prior Distributions for Variance Parameters in Hierarchical Models",
 JOURNAL =      "Bayesian {A}nalysis",
 YEAR =         "2006",
 volume =       "1",
 pages =        "515-533",
}


@INPROCEEDINGS{geweke1992,
    author = {John Geweke},
    title = {Evaluating the Accuracy of Sampling-Based Approaches to the Calculation of Posterior Moments},
    booktitle = {IN BAYESIAN STATISTICS },
    year = {1992},
    pages = {169--193},
    publisher = {University Press}
}



@ARTICLE{green2002,
 AUTHOR =       "Green, P and Richardson, S",
 TITLE =        "Hidden {M}arkov Models and Disease Mapping",
 JOURNAL =      "Journal of the {A}merican {S}tatistical {A}ssociation",
 YEAR =         "2002",
 volume =       "97",
 pages =        "1055-1070",
}


 @Manual{hSDM,
    title = {hSDM: hierarchical Bayesian species distribution models},
    author = {Ghislain Vieilledent and Cory Merow and Jérôme Guélat and Andrew M. Latimer and Marc Kéry and Alan E. Gelfand and Adam M. Wilson and Frédéric Mortier and John A. {Silander Jr.}},
    year = {2014},
    note = {R package version 1.4},
    url = {https://CRAN.R-project.org/package=hSDM},
  }


@ARTICLE{Kavanagh2016,
  AUTHOR =       "Kavanagh, L and Lee, D and Pryce, G",
  TITLE =        "Is {P}overty {D}ecentralising? {Q}uantifying {U}ncertainty in the {D}ecentralisation of {U}rban {P}overty",
  JOURNAL =      "Annals of the {A}merican {A}ssociation of {G}eographers",
  YEAR =         "2016",
  volume =       "106",
  pages =        "1286-1298",
}


@ARTICLE{knorrheld2000b,
  AUTHOR =       "{Knorr-Held}, L",
  TITLE =        "Bayesian modelling of Inseparable Space-Time Variation in Disease Risk",
  JOURNAL =      "Statistics in {M}edicine",
  YEAR =         "2000",
  volume =       "19",
  pages =        "2555-2567",
}

@ARTICLE{lawson2002,
 AUTHOR =       "Lawson, A and Clark, A",
 TITLE =        "Spatial Mixture Relative Risk Models Applied to Disease Mapping",
 JOURNAL =      "Statistics in {M}edicine",
 YEAR =         "2002",
 volume =       "21",
 pages =        "359-370",
}

@Manual{leaflet,
    title = {leaflet: Create Interactive Web Maps with the JavaScript 'Leaflet'
Library},
    author = {Joe Cheng and Bhaskar Karambelkar and Yihui Xie},
    year = {2018},
    note = {R package version 2.0.1},
    url = {https://CRAN.R-project.org/package=leaflet},
  }
  
@ARTICLE{lee2009,
 AUTHOR =       "Lee, D and Ferguson, C and Mitchell, R",
 TITLE =        "Air Pollution and Health in {S}cotland: A Multicity Study",
 JOURNAL =      "Biostatistics",
 YEAR =         "2009",
 volume =       "10",
 pages =        "409-423",
}



@ARTICLE{lee2011,
 AUTHOR =       "Lee, D",
 TITLE =        "A Comparison of Conditional Autoregressive Models Used in {B}ayesian Disease Mapping",
 JOURNAL =      "Spatial and {S}patio-temporal {E}pidemiology",
 YEAR =         "2011",
 volume =       "2",
 pages =        "79-89",
}


@ARTICLE{lee2012,
 AUTHOR =       "Lee, D and Mitchell, R",
 TITLE =        "Boundary Detection in Disease Mapping Studies",
 JOURNAL =      "Biostatistics",
 YEAR =         "2012",
 volume =       "13",
 pages =        "415-426",
}


@ARTICLE{lee2013,
 AUTHOR =       "Lee, D ",
 TITLE =        "{CARBayes}: An {R} {P}ackage for {B}ayesian {S}patial {M}odeling with {C}onditional {A}utoregressive {P}riors",
 JOURNAL =      "Journal of {S}tatistical {S}oftware",
 YEAR =         "2013",
 volume =       "55",
 pages =        "13",
}


@ARTICLE{lee2014,
 AUTHOR =       "Lee, D and Rushworth, A and Sahu, S",
 TITLE =        "A {B}ayesian {L}ocalized {C}onditional {A}utoregressive {M}odel for {E}stimating the {H}ealth {E}ffects of {A}ir {P}ollution",
 JOURNAL =      "Biometrics",
 YEAR =         "2014",
 volume =       "70",
 pages =        "419-429",
}


@ARTICLE{lee2015,
 AUTHOR =       "Lee, D and Sarran, C",
 TITLE =        "Controlling for unmeasured confounding and spatial misalignment in long-term air pollution and health studies",
 JOURNAL =      "Environmetrics",
 YEAR =         "2015",
 volume =       "26",
 pages =        "477-487",
}



@INCOLLECTION{leroux2000,
  AUTHOR =       {Leroux, B and Lei, X and Breslow, N},
  TITLE =        {Estimation of Disease Rates in Small Areas: {A} New Mixed Model for Spatial Dependence},
BOOKTITLE =    {Statistical {M}odels in {E}pidemiology, the {E}nvironment and {C}linical {T}rials},
EDITOR =       {Halloran, M and Berry, D},
pages =        {179--191},
PUBLISHER =    {Springer-Verlag},
ADDRESS =      {{N}ew {Y}ork},
YEAR =         {2000},
}

@ARTICLE{lu2007,
 AUTHOR =       "Lu, H and Reilly, C and Banerjee, S and Carlin, B",
 TITLE =        "Bayesian Areal Wombling Via Adjacency Modelling",
 JOURNAL =      "Environmental and {E}cological {S}tatistics",
 YEAR =         "2007",
 volume =       "14",
 pages =        "433-452",
}


@ARTICLE{lunn2009,
 AUTHOR =       "Lunn, D and  Spiegelhalter, D and Thomas, A and Best, N",
 TITLE =        "The \proglang{BUGS} Project: {E}volution, Critique and Future Directions .",
 JOURNAL =      "Statistics in {M}edicine",
 YEAR =         "2009",
 volume =       "28",
 pages =        "3049-3082 ",
}


@ARTICLE{ma2007,
 AUTHOR =       "Ma, H and Carlin, B",
 TITLE =        "Bayesian {M}ultivariate {A}real {W}ombling for {M}ultiple {D}isease {B}oundary {A}nalysis",
 JOURNAL =      "Bayesian {A}nalysis",
 YEAR =         "2007",
 volume =       "2",
 pages =        "281-302",
}


@Book{mass2002,
    title = {Modern Applied Statistics with S},
    author = {W. N. Venables and B. D. Ripley},
    publisher = {Springer},
    edition = {Fourth},
    address = {New York},
    year = {2002},
    note = {ISBN 0-387-95457-0},
    url = {http://www.stats.ox.ac.uk/pub/MASS4},
  }


  @Manual{matrixcalc,
    title = {matrixcalc: Collection of functions for matrix calculations},
    author = {Frederick Novomestky},
    year = {2012},
    note = {R package version 1.0-3},
    url = {https://CRAN.R-project.org/package=matrixcalc},
  }
 
 
   @Article{mcmcpack,
    title = {{MCMCpack}: Markov Chain Monte Carlo in {R}},
    author = {Andrew D. Martin and Kevin M. Quinn and Jong Hee Park},
    journal = {Journal of Statistical Software},
    year = {2011},
    volume = {42},
    number = {9},
    pages = {22},
    url = {http://www.jstatsoft.org/v42/i09/},
  }
  
  
@ARTICLE{moran1950,
  AUTHOR =       "Moran, P",
  TITLE =        "Notes on continuous stochastic phenomena",
  JOURNAL =      "Biometrika",
  YEAR =         "1950",
  volume =       "37",
  pages =        "17-23,  DOI:10.1093/biomet/37.1-2.17 ",
}


@Manual{R,
    title = {\proglang{R}: A Language and Environment for Statistical Computing},
    author = {{\proglang{R} Core Team}},
    organization = {\proglang{R} Foundation for Statistical Computing},
    address = {Vienna, Austria},
    year = {2016},
    url = {http://www.R-project.org/},
  }



@ARTICLE{reich2008,
 AUTHOR =       "Reich, B and Hodges, J",
 TITLE =        "Modeling Longitudinal Spatial Periodontal Data: A Spatially-Adaptive Model with Tools for Specifying Priors and Checking Fit",
 JOURNAL =      "Biometrics",
 YEAR =         "2008",
 volume =       "64",
 pages =        "790-799",
}

@Manual{rgdal,
    title = {rgdal: Bindings for the 'Geospatial' Data Abstraction Library},
    author = {Roger Bivand and Tim Keitt and Barry Rowlingson},
    year = {2018},
    note = {R package version 1.3-4},
    url = {https://CRAN.R-project.org/package=rgdal},
  }
  
  
@ARTICLE{roberts1998,
  AUTHOR =       "Roberts, G and Rosenthal, J",
  TITLE =        "Optimal scaling of discrete approximations to the Langevin diffusions",
  JOURNAL =      "Journal of the {R}oyal {S}tatistical {S}ociety {S}eries {B}",
  YEAR =         "1998",
  volume =       "60",
  pages =        "255-268",
}

@ARTICLE{rue2009,
  AUTHOR =       "Rue, H and Martino, S and Chopin, N",
  TITLE =        "Approximate {B}ayesian {I}nference for {L}atent {G}aussian {M}odels {U}sing {I}ntegrated {N}ested {L}aplace {A}pproximations (with discussion)",
  JOURNAL =      "Journal of the {R}oyal {S}tatistical {S}ociety {S}eries {B}",
  YEAR =         "2009",
  volume =       "71",
  pages =        "319-392",
}


@Manual{schabenberger2009,
    title = {spatcounts: Spatial count regression},
    author = {Holger Schabenberger},
    year = {2009},
    note = {R package version 1.1},
    url = {http://CRAN.R-project.org/package=spatcounts},
  }
  
 
 @Article{spam2010,
    title = {{spam}: A Sparse Matrix {R} Package with Emphasis on {MCMC} Methods for {G}aussian {M}arkov Random Fields},
    author = {Reinhard Furrer and Stephan R. Sain},
    journal = {Journal of Statistical Software},
    year = {2010},
    volume = {36},
    number = {10},
    pages = {1--25},
    url = {http://www.jstatsoft.org/v36/i10/},
  }
  
  
  @ARTICLE{spiegelhalter2002,
  AUTHOR =       "Spiegelhalter, D and Best, N and Carlin, B and {Van der Linde}, A",
  TITLE =        "Bayesian Measures of Model Complexity and Fit",
  JOURNAL =      "Journal of the {R}oyal {S}tatistical {S}ociety {s}eries {B}",
  YEAR =         "2002",
  volume =       "64",
  pages =        "583-639",
}


@INBOOK{stern1999,
  AUTHOR =       {Stern, H and Cressie, N},
  TITLE =        {Disease Mapping and {R}isk {A}ssessment for {P}ublic {H}ealth. Lawson, A and Biggeri, D and Boehning, E and Lesaffre, E and Viel, J and Bertollini, R (eds)},
  CHAPTER = {Inference for Extremes in Disease Mapping},
  PUBLISHER =    {Wiley},
  YEAR =         {1999},
}


 @ARTICLE{tanner1987,
  AUTHOR =       "Tanner, M and Wong, W",
  TITLE =        "The Calculation of Posterior Distributions by Data Augmentation",
  JOURNAL =      "Journal of the {A}merican {S}tatistical {A}ssociation",
  YEAR =         "1987",
  volume =       "82",
  pages =        "528-540",
}


@Manual{truncnorm2014,
    title = {truncnorm: Truncated normal distribution},
    author = { Heike Trautmann and Detlef Steuer and Olaf Mersmann and Björn Bornkamp},
    year = {2014},
    note = {R package version 1.0-7},
    url = {https://CRAN.R-project.org/package=truncnorm},
  }
  
  
@ARTICLE{ugarte2004,
 AUTHOR =       "Ugarte, M and Ibanez, B and Militino, A",
 TITLE =        "Testing for {P}oisson {Z}ero {I}nflation in {D}isese {M}apping",
 JOURNAL =      "Biometrical {J}ournal",
 YEAR =         "2004",
 volume =       "46",
 pages =        "526-539",
}


@ARTICLE{wakefield2007,
 AUTHOR =       "Wakefield, J",
 TITLE =        "Disease Mapping and Spatial Regression with Count Data",
 JOURNAL =      "Biostatistics",
 YEAR =         "2007",
 volume =       "8",
 pages =        "158-183",
}



@ARTICLE{wall2004,
 AUTHOR =       "Wall, M",
 TITLE =        "A Close Look at the Spatial Structure Implied by the {CAR} and {SAR} Models",
 JOURNAL =      "Journal of {S}tatistical {P}lanning and {I}nference",
 YEAR =         "2004",
 volume =       "121",
 pages =        "311-324",
}

@ARTICLE{watanabe2010,
  AUTHOR =       "Watanabe, S",
  TITLE =        "Asymptotic equivalence of the {B}ayes cross validation and widely applicable information criterion in singular learning theory",
  JOURNAL =      "Journal of {M}achine {L}earning {R}esearch",
  YEAR =         "2010",
  volume =       "11",
  pages =        "3571-3594",
}

@ARTICLE{womble1951,
 AUTHOR =       "Womble, W",
 TITLE =        "Differential Systematics",
 JOURNAL =      "Science",
 YEAR =         "1951",
 volume =       "114",
 pages =        "315-322",
}