@Article{Efron1979,
  Title                    = {Bootstrap methods: Another look at the jackknife},
  Author                   = {Efron, Bradley},
  Journal                  = {The Annals of Statistics},
  Year                     = {1979},
  Number                   = {1},
  Pages                    = {1--26},
  Volume                   = {7},

  Owner                    = {Bojan},
  Publisher                = {JSTOR},
  Timestamp                = {2015.09.04}
}

@Article{Pigott2001,
  Title                    = {A review of methods for missing data},
  Author                   = {Pigott, Therese D},
  Journal                  = {Educational research and evaluation},
  Year                     = {2001},
  Number                   = {4},
  Pages                    = {353--383},
  Volume                   = {7},

  Publisher                = {Taylor \& Francis}
}

@Article{Wei2011,
  Title                    = {The application of naive {B}ayes model averaging to predict {A}lzheimer's disease from genome-wide data},
  Author                   = {Wei, Wei and Visweswaran, Shyam and Cooper, Gregory F},
  Journal                  = {Journal of the American Medical Informatics Association},
  Year                     = {2011},
  Number                   = {4},
  Pages                    = {370--375},
  Volume                   = {18},

  Owner                    = {Bojan},
  Publisher                = {The Oxford University Press},
  Timestamp                = {2015.09.10}
}

@article{Zhu1997algorithm,
  title={Algorithm 778: {L-BFGS-B}: {Fortran} subroutines for large-scale bound-constrained optimization},
  author={Zhu, Ciyou and Byrd, Richard H and Lu, Peihuang and Nocedal, Jorge},
  journal={ACM Transactions on Mathematical Software (TOMS)},
  volume={23},
  number={4},
  pages={550--560},
  year={1997},
  publisher={ACM}
}

@Manual{Gentleman2015,
  Title                    = {graph: A package to handle graph data structures},
  Author                   = {R. Gentleman and Elizabeth Whalen and W. Huber and S. Falcon},
  Note                     = {R package version 1.46.0},
  Year                     = {2015}
}


@article{Bielza14,
  author =        {Bielza, Concha and Larra{\~n}aga, Pedro},
  journal =       {ACM Computing Surveys},
  number =        {1},
  title =         {Discrete {Bayesian} network classifiers: {A} survey},
  volume =        {47},
  year =          {2014},
}

@article{Friedman1997,
  author =        {N. Friedman and D. Geiger and M. Goldszmidt},
  journal =       {Machine Learning},
  pages =         {131--163},
  title =         {Bayesian network classifiers},
  volume =        {29},
  year =          {1997},
}

@article{Zaidi2013,
  author =        {Zaidi, Nayyar A and Cerquides, Jesus and
                   Carman, Mark J and Webb, Geoffrey I},
  journal =       {Journal of Machine Learning Research},
  pages =         {1947--1988},
  title =         {Alleviating naive {B}ayes attribute independence
                   assumption by attribute weighting},
  volume =        {14},
  year =          {2013},
}

@article{Minsky1961,
  author =        {M. Minsky},
  journal =       {Transactions on Institute of Radio Engineers},
  pages =         {8--30},
  title =         {Steps toward artificial intelligence},
  volume =        {49},
  year =          {1961},
}

@article{Hand2001,
  author =        {D.~J. Hand and K. Yu},
  journal =       {International Statistical Review},
  number =        {3},
  pages =         {385-398},
  title =         {{Idiot's Bayes - not so stupid after all?}},
  volume =        {69},
  year =          {2001},
}

@book{Pearl1988,
  address =       {San Francisco, CA, USA},
  author =        {J. Pearl},
  publisher =     {Morgan Kaufmann},
  title =         {Probabilistic {R}easoning in {I}ntelligent {S}ystems},
  year =          {1988},
}

@book{Koller2009,
  address =       {Cambridge, MA, USA},
  author =        {Koller, Daphne and Friedman, Nir},
  pages =         {790},
  publisher =     {MIT press},
  title =         {{Probabilistic Graphical Models: Principles and
                   Techniques}},
  year =          {2009},
}

@article{Webb2005,
  author =        {Webb, Geoffrey I and Boughton, Janice R and
                   Wang, Zhihai},
  journal =       {Machine Learning},
  number =        {1},
  pages =         {5--24},
  publisher =     {Springer},
  title =         {{Not so naive Bayes: Aggregating one-dependence
                   estimators}},
  volume =        {58},
  year =          {2005},
}

@manual{bnlearn43,
  author =        {Marco Scutari and Robert Ness},
  note =          {R package version 4.3},
  title =         {bnlearn: {Bayesian Network Structure Learning,
                   Parameter Learning and Inference}},
  year =          {2018},
  url =           {https://CRAN.R-project.org/package=bnlearn},
}

@article{scutari2009learning,
  author =        {Scutari, Marco},
  journal =       {Journal of Statistical Software},
  number =        {3},
  pages =         {1-22},
  title =         {Learning {B}ayesian networks with the
                   \texttt{bnlearn} \texttt{R} package},
  volume =        {35},
  year =          {2010},
}

@article{Keogh2002,
  author =        {Keogh, Eamonn J and Pazzani, Michael J},
  journal =       {International Journal on Artificial Intelligence
                   Tools},
  number =        {4},
  pages =         {587--601},
  publisher =     {World Scientific},
  title =         {Learning the structure of augmented {B}ayesian
                   classifiers},
  volume =        {11},
  year =          {2002},
}

@inproceedings{grossman2004,
  author =        {Daniel Grossman and Pedro Domingos},
  booktitle =     {Proceedings of the Twenty-First International
                   Conference on Machine Learning (ICML-2004)},
  pages =         {361--368},
  title =         {{Learning Bayesian Network classifiers by maximizing
                   conditional likelihood}},
  year =          {2004},
}

@article{pernkopf10,
  author =        {F. Pernkopf and J.A. Bilmes},
  journal =       {Journal of Machine Learning Research},
  pages =         {2323-2360},
  title =         {Efficient Heuristics for Discriminative Structure
                   Learning of {B}ayesian Network Classifiers},
  volume =        {11},
  year =          {2010},
}

@article{carvalho11,
  author =        {A.M. Carvalho and T. Roos and A.L. Oliveira and
                   P. Myllym\"aki},
  journal =       {Journal of Machine Learning Research},
  pages =         {2181-2210},
  title =         {Discriminative Learning of {B}ayesian Networks via
                   Factorized Conditional Log-Likelihood},
  volume =        {12},
  year =          {2011},
}

@article{Zaidi2017,
  author =        {Zaidi, Nayyar A. and Webb, Geoffrey I. and
                   Carman, Mark J. and Petitjean, Fran{\c{c}}ois and
                   Buntine, Wray and Hynes, Mike and De Sterck, Hans},
  journal =       {Machine Learning},
  number =        {9},
  pages =         {1289--1329},
  title =         {{Efficient parameter learning of Bayesian network
                   classifiers}},
  volume =        {106},
  year =          {2017},
  url =           {https://doi.org/10.1007/s10994-016-5619-z},
}

@inproceedings{zheng2006efficient,
  author =        {Zheng, Fei and Webb, Geoffrey I},
  booktitle =     {{Proceedings of the 23rd International Conference on
                   Machine Learning}},
  pages =         {1113--1120},
  publisher =     {ACM},
  title =         {Efficient lazy elimination for averaged
                   one-dependence estimators},
  volume =        {148},
  year =          {2006},
}

@inproceedings{Dash2002,
  author =        {Dash, Denver and Cooper, Gregory F},
  booktitle =     {19th International Conference on Machine Learning
                   (ICML-2002)},
  pages =         {91--98},
  title =         {Exact model averaging with naive {B}ayesian
                   classifiers},
  year =          {2002},
}

@inproceedings{Pazzani1996,
  author =        {M. Pazzani},
  booktitle =     {Proceedings of the Information, Statistics and
                   Induction in Science Conference (ISIS-1996)},
  pages =         {66-77},
  title =         {Constructive induction of {C}artesian product
                   attributes},
  year =          {1996},
}

@manual{Rgraphviz2200,
  author =        {Kasper Daniel Hansen and Jeff Gentry and Li Long and
                   Robert Gentleman and Seth Falcon and Florian Hahne and
                   Deepayan Sarkar},
  note =          {R package version 2.20.0},
  title =         {{Rgraphviz: Provides plotting capabilities for R
                   graph objects}},
  year =          {2017},
}

@manual{caret6078,
  author =        {Max Kuhn and Jed Wing and Steve Weston and
                   Andre Williams and Chris Keefer and Allan Engelhardt and
                   Tony Cooper and Zachary Mayer and Brenton Kenkel and
                   the R Core Team and Michael Benesty and
                   Reynald Lescarbeau and Andrew Ziem and Luca Scrucca and
                   Yuan Tang and Can Candan and Tyler Hunt.},
  note =          {R package version 6.0-78},
  title =         {{caret: Classification and Regression Training}},
  year =          {2017},
  url =           {https://CRAN.R-project.org/package=caret},
}

@article{Kuhn2008,
  author =        {Kuhn, Max},
  journal =       {Journal of Statistical Software},
  number =        {5},
  pages =         {1--26},
  publisher =     {American Statistical Association},
  title =         {Building predictive models in \texttt{{R}} using the
                   \texttt{caret} package},
  volume =        {28},
  year =          {2008},
}

@manual{mlr211,
  author =        {Bernd Bischl and Michel Lang and Lars Kotthoff and
                   Julia Schiffner and Jakob Richter and Zachary Jones and
                   Giuseppe Casalicchio and Mason Gallo},
  note =          {R package version 2.11},
  title =         {{mlr: Machine Learning in R}},
  year =          {2017},
  url =           {https://CRAN.R-project.org/package=mlr},
}

@manual{Bischl2015,
  author =        {Bernd Bischl and Michel Lang and Jakob Richter and
                   Jakob Bossek and Leonard Judt and Tobias Kuehn and
                   Erich Studerus and Lars Kotthoff},
  note =          {R package version 2.4},
  title =         {mlr: Machine Learning in R},
  year =          {2015},
  url =           {http://CRAN.R-project.org/package=mlr},
}

@article{cheng-greiner02,
  author =        {J. Cheng and R. Greiner and J. Kelly and D.~A. Bell and
                   W. Liu},
  journal =       {Artificial Intelligence},
  number =        {},
  pages =         {43--90},
  title =         {Learning {Bayesian} networks from data: {A}n
                   information-theory based approach},
  volume =        {137},
  year =          {2002},
}

@inproceedings{Tsamardinos2003a,
  author =        {Tsamardinos, Ioannis and Aliferis, Constantin F and
                   Statnikov, Alexander},
  booktitle =     {Proceedings of the 16th International Florida
                   Artificial Intelligence Research Society Conference
                   (FLAIRS-2003)},
  pages =         {376--381},
  publisher =     {AAAI Press},
  title =         {Algorithms for large scale {M}arkov blanket
                   discovery},
  year =          {2003},
}

@article{Chickering2004,
  author =        {Chickering, David Maxwell and Heckerman, David and
                   Meek, Christopher},
  journal =       {Journal of Machine Learning Research},
  pages =         {1287--1330},
  publisher =     {JMLR. org},
  title =         {Large-sample learning of {B}ayesian networks is
                   {NP}-hard},
  volume =        {5},
  year =          {2004},
}

@article{Akaike74,
  author =        {Akaike, Hirotugu},
  journal =       {IEEE Transactions on Automatic Control},
  number =        {6},
  pages =         {716--723},
  publisher =     {Ieee},
  title =         {A new look at the statistical model identification},
  volume =        {19},
  year =          {1974},
}

@article{Schwarz1978,
  author =        {Schwarz, Gideon},
  journal =       {The Annals of Statistics},
  number =        {2},
  pages =         {461--464},
  publisher =     {Institute of Mathematical Statistics},
  title =         {Estimating the dimension of a model},
  volume =        {6},
  year =          {1978},
}

@inproceedings{Sahami1996,
  author =        {Sahami, Mehran},
  booktitle =     {Proceedings of the 2nd International Conference on
                   Knowledge Discovery and Data Mining (KDD-1996)},
  pages =         {335--338},
  title =         {Learning limited dependence {B}ayesian classifiers},
  volume =        {96},
  year =          {1996},
}

@article{Pernkopf2003,
  author =        {Pernkopf, Franz and O'Leary, Paul},
  journal =       {Pattern Recognition Letters},
  number =        {15},
  pages =         {2839--2848},
  publisher =     {Elsevier},
  title =         {Floating search algorithm for structure learning of
                   {B}ayesian network classifiers},
  volume =        {24},
  year =          {2003},
}

@inproceedings{jaeger2003,
  author =        {M. Jaeger},
  booktitle =     {Proceedings of the 20th International Conference on
                   Machine Learning (ICML-2003)},
  pages =         {266--273},
  title =         {Probabilistic classifiers and the concept they
                   recognize},
  year =          {2003},
}

@article{Varando2015jmlr,
  author =        {Varando, G. and Bielza, C. and Larra{\~n}aga, P.},
  journal =       {Journal of Machine Learning Research},
  number =        {16},
  pages =         {2725--2749},
  title =         {Decision boundary for discrete {B}ayesian network
                   classifiers},
  year =          {2015},
}

@article{Guyon2003,
  author =        {Guyon, Isabelle and Elisseeff, Andr{\'e}},
  journal =       {Journal of Machine Learning Research},
  pages =         {1157--1182},
  publisher =     {JMLR. org},
  title =         {An introduction to variable and feature selection},
  volume =        {3},
  year =          {2003},
}

@article{Chow1968,
  author =        {Chow, CK and Liu, CN},
  journal =       {IEEE Transactions on Information Theory},
  number =        {3},
  pages =         {462--467},
  publisher =     {IEEE},
  title =         {Approximating discrete probability distributions with
                   dependence trees},
  volume =        {14},
  year =          {1968},
}

@article{Dempster1977,
  author =        {Dempster, Arthur P and Laird, Nan M and
                   Rubin, Donald B},
  journal =       {{J}ournal of the {R}oyal {S}tatistical {S}ociety.
                   {S}eries {B} ({M}ethodological)},
  number =        {1},
  pages =         {1--38},
  publisher =     {JSTOR},
  title =         {Maximum likelihood from incomplete data via the {EM}
                   algorithm},
  volume =        {39},
  year =          {1977},
}

@article{Hall2007,
  author =        {M. Hall},
  journal =       {Knowledge-Based Systems},
  number =        {2},
  pages =         {120-126},
  title =         {A decision tree-based attribute weighting filter for
                   naive {B}ayes},
  volume =        {20},
  year =          {2007},
}

@article{cooper1990,
  author =        {Cooper, Gregory F},
  journal =       {Artificial intelligence},
  number =        {2-3},
  pages =         {393--405},
  publisher =     {Elsevier},
  title =         {{The computational complexity of probabilistic
                   inference using Bayesian belief networks}},
  volume =        {42},
  year =          {1990},
}

@manual{deal1237,
  author =        {Susanne Gammelgaard Bottcher and Claus Dethlefsen},
  note =          {R package version 1.2-37},
  title =         {{deal: Learning Bayesian Networks with Mixed
                   Variables}},
  year =          {2013},
  url =           {https://CRAN.R-project.org/package=deal},
}

@misc{Lichman2013,
  author =        {M. Lichman},
  institution =   {University of California, Irvine, School of
                   Information and Computer Sciences},
  title =         {{UCI} Machine Learning Repository},
  year =          {2013},
  url =           {http://archive.ics.uci.edu/ml},
}

@manual{grain130,
  author =        {Søren Højsgaard},
  note =          {R package version 1.3-0},
  title =         {gRain: Graphical Independence Networks},
  year =          {2016},
  url =           {https://CRAN.R-project.org/package=gRain},
}

@article{Hojsgaard2012,
  author =        {S{\o}ren H{\o}jsgaard},
  journal =       {Journal of Statistical Software},
  number =        {10},
  pages =         {1--26},
  title =         {Graphical independence networks with the
                   \texttt{gRain} package for \texttt{R}},
  volume =        {46},
  year =          {2012},
}

@inproceedings{Tsamardinos2003,
  author =        {Tsamardinos, Ioannis and Aliferis, Constantin F},
  booktitle =     {Proceedings of the 9th International Workshop on
                   Artificial Intelligence and Statistics
                   (AISTATS-2003)},
  organization =  {Morgan Kaufmann Publishers: Key West, FL, USA},
  title =         {Towards principled feature selection: Relevancy,
                   filters and wrappers},
  year =          {2003},
}

@inproceedings{Margaritis2000,
  author =        {Margaritis, Dimitris and Thrun, Sebastian},
  booktitle =     {Advances in Neural Information Processing Systems 12
                   (NIPS-1999)},
  pages =         {505--511},
  publisher =     {MIT Press},
  title =         {Bayesian network induction via local neighborhoods},
  year =          {2000},
}

@inbook{Glover2013,
  address =       {New York, NY},
  author =        {Glover, Fred and Laguna, Manuel},
  booktitle =     {{Handbook of Combinatorial Optimization}},
  editor =        {Pardalos, Panos M. and Du, Ding-Zhu and
                   Graham, Ronald L.},
  pages =         {3261--3362},
  publisher =     {Springer},
  title =         {{Tabu Search*}},
  year =          {2013},
  url =           {https://doi.org/10.1007/978-1-4419-7997-1_17},
}

@article{Hall2009,
  address =       {New York, NY, USA},
  author =        {Hall, Mark and Frank, Eibe and Holmes, Geoffrey and
                   Pfahringer, Bernhard and Reutemann, Peter and
                   Witten, Ian H.},
  journal =       {SIGKDD Explorations Newsletter},
  number =        {1},
  pages =         {10--18},
  publisher =     {ACM},
  title =         {The {WEKA} data mining software: {A}n update},
  volume =        {11},
  year =          {2009},
}

@techreport{bouckaert2004bayesian,
  author =        {Remco Bouckaert},
  number =        {14/2004},
  publisher =     {Department of Computer Science, University of
                   Waikato},
  title =         {Bayesian network classifiers in Weka},
  year =          {2004},
}

@article{Cooper1992,
  author =        {Cooper, Gregory F and Herskovits, Edward},
  journal =       {Machine {L}earning},
  number =        {4},
  pages =         {309--347},
  publisher =     {Springer},
  title =         {A {B}ayesian method for the induction of
                   probabilistic networks from data},
  volume =        {9},
  year =          {1992},
}

@article{kirkpatrick1983optimization,
  author =        {Kirkpatrick, Scott and Gelatt, C Daniel and
                   Vecchi, Mario P},
  journal =       {Science},
  number =        {4598},
  pages =         {671--680},
  publisher =     {American Association for the Advancement of Science},
  title =         {Optimization by simulated annealing},
  volume =        {220},
  year =          {1983},
}

@phdthesis{Bouckaert1995,
  author =        {Bouckaert, Remco Ronaldus},
  school =        {Universiteit Utrecht},
  title =         {Bayesian Belief Networks: From Construction to
                   Inference},
  year =          {1995},
}

@article{Sacha2002,
  author =        {Sacha, Jaros{\l}aw P and Goodenday, Lucy S and
                   Cios, Krzysztof J},
  journal =       {Artificial Intelligence in Medicine},
  number =        {1},
  pages =         {109--143},
  publisher =     {Elsevier},
  title =         {Bayesian learning for cardiac SPECT image
                   interpretation},
  volume =        {26},
  year =          {2002},
}

@article{McGeachie2014,
  author =        {McGeachie, Michael J and Chang, Hsun-Hsien and
                   Weiss, Scott T},
  journal =       {PLoS Computational Biology},
  number =        {6},
  pages =         {e1003676},
  publisher =     {Public Library of Science},
  title =         {{CGBayesNets}: {C}onditional {G}aussian {B}ayesian
                   network learning and inference with mixed discrete
                   and continuous data},
  volume =        {10},
  year =          {2014},
}

@article{lauritzen89,
  author =        {Lauritzen, S.L. and Wermuth, N.},
  journal =       {The Annals of Statistics},
  number =        {1},
  pages =         {31-57},
  title =         {Graphical Models for Associations between Variables,
                   some of which are Qualitative and some Quantitative},
  volume =        {17},
  year =          {1989},
}

