@Article{Efron1979,
  Title                    = {Bootstrap methods: Another look at the jackknife},
  Author                   = {Efron, Bradley},
  Journal                  = {The Annals of Statistics},
  Year                     = {1979},
  Number                   = {1},
  Pages                    = {1--26},
  Volume                   = {7},

  Owner                    = {Bojan},
  Publisher                = {JSTOR},
  Timestamp                = {2015.09.04}
}

@Article{Pigott2001,
  Title                    = {A review of methods for missing data},
  Author                   = {Pigott, Therese D},
  Journal                  = {Educational research and evaluation},
  Year                     = {2001},
  Number                   = {4},
  Pages                    = {353--383},
  Volume                   = {7},

  Publisher                = {Taylor \& Francis}
}

@Article{Wei2011,
  Title                    = {The application of naive {B}ayes model averaging to predict {A}lzheimer's disease from genome-wide data},
  Author                   = {Wei, Wei and Visweswaran, Shyam and Cooper, Gregory F},
  Journal                  = {Journal of the American Medical Informatics Association},
  Year                     = {2011},
  Number                   = {4},
  Pages                    = {370--375},
  Volume                   = {18},

  Owner                    = {Bojan},
  Publisher                = {The Oxford University Press},
  Timestamp                = {2015.09.10}
}

@article{Zhu1997algorithm,
  title={Algorithm 778: {L-BFGS-B}: {Fortran} subroutines for large-scale bound-constrained optimization},
  author={Zhu, Ciyou and Byrd, Richard H and Lu, Peihuang and Nocedal, Jorge},
  journal={ACM Transactions on Mathematical Software (TOMS)},
  volume={23},
  number={4},
  pages={550--560},
  year={1997},
  publisher={ACM}
}

@Manual{Gentleman2015,
  Title                    = {graph: A package to handle graph data structures},
  Author                   = {R. Gentleman and Elizabeth Whalen and W. Huber and S. Falcon},
  Note                     = {R package version 1.46.0},
  Year                     = {2015}
}
