@Book{aitchison,
  author =	 {J. Aitchison},
  title =	 {{T}he {S}tatistical {A}nalysis of {C}ompositional
                  {D}ata},
  year =	 1986,
  publisher =	 {Chapman \& Hall},
}

@Article{Aoki,
  author =	 {Aoki, S.},
  title =	 {Network algorithm for the Exact Test of {H}ardy-{W}einberg Proportion for Multiple Alleles},
  journal =	 {Biometrical Journal},
  volume =	 {45},
  number =       {4},
  pages =	 {471--490},
  year =	 {2003},
}

@Article{ayres,
  author =	 {K. L. Ayres and D. J. Balding},
  title =	 {Measuring Departures from Hardy-Weinberg: A Markov
                  Chain Monte Carlo Method for Estimating the
                  Inbreeding Coefficient},
  journal =	 {Heredity},
  volume =	 80,
  number =       6,
  pages =	 {769--777},
  year =	 1998,
}

@Article{buuren,
  author =	 {S. {van Buuren} and K. Groothuis-Oudshoorn},
  title =	 {\pkg{mice}: Multivariate Imputation by Chained Equations
                  in \proglang{R}},
  journal =	 {Journal of Statistical Software},
  volume =	 45,
  number =	 3,
  pages =	 {1--67},
  year =	 2011,
  url =          {http://www.jstatsoft.org/v45/i03/}
}

@Article{cannings,
  author =	 {C. Cannings and A. W. F. Edwards},
  title =	 {Natural Selection and the de {F}inetti Diagram},
  journal =	 {The Annals of Human Genetics},
  volume =	 31,
  number =       4,
  pages =	 {421--428},
  year =	 1968,
}

@Article{consonni,
  author =	 {G. Consonni and E. Moreno and S. Venturini},
  title =	 {Testing Hardy-Weinberg Equilibrium: An Objective
                  Bayesian Analysis},
  journal =	 {Statistics in Medicine},
  volume =	 30,
  number =       1,
  pages =	 {62--74},
  year =	 2010,
}

@Article{crow,
  author =	 {J. F. Crow},
  title =	 {Eighty Years Ago: The Beginnings of Population
                  Genetics},
  journal =	 {Genetics},
  volume =	 119,
  number =       3,
  pages =	 {473--476},
  year =	 1988,
}

@Book{crow2,
  author =	 {J. F. Crow and M. Kimura},
  title =	 {An Introduction to Population Genetics Theory},
  year =	 1970,
  publisher =	 {Harper \& Row, Publishers},
  city =	 {New York},
}

@Article{definetti,
  author =	 {B. {De Finetti}},
  title =	 {Considerazioni Matematiche Sull'eredit\`a
                  Mendeliana},
  journal =	 {Metron},
  volume =	 6,
  pages =	 {3--41},
  year =	 1926,
}

@Article{egozcue2,
  author =	 {J. J. Egozcue and V. Pawlowsky-Glahn and
                  G. Mateu-Figueras and C. Barcel\'o-Vidal},
  title =	 {Isometric Logratio Transformations for Compositional
                  Data Analysis},
  pages =	 {279--300},
  volume =	 35,
  number =	 3,
  journal =	 {Mathematical Geology},
  year =	 2003,
}

@ARTICLE{Engels,
AUTHOR = {Engels, W. R.},
TITLE = {Exact Tests for {H}ardy-{W}einberg Proportions},
JOURNAL = {Genetics},
VOLUME = {183}, 
PAGES = {1431--1441},
YEAR = {2009}}

@Article{graffel18,
  author =	 {J. Graffelman and J. Morales-Camarena},
  title =	 {Graphical Tests for {H}ardy-{W}einberg Equilibrium
                  Based on the Ternary Plot},
  journal =	 {Human Heredity},
  volume =	 65,
  number =	 2,
  pages =	 {77--84},
  year =	 2008,
}

@InProceedings{graffel21,
  author =	 {J. Graffelman and J. J. Egozcue},
  editor =	 {Vera Pawlowsky-Glahn and Antonella Buccianti},
  title =	 {{H}ardy-{W}einberg Equilibrium: A Non-Parametric
                  Compositional Approach},
  booktitle =	 {Compositional Data Analysis: Theory and
                  Applications},
  publisher =	 {John Wiley \& Sons},
  pages =	 {207--215},
  year =	 2011,
}

@Article{graffel22,
  author =	 {J. Graffelman and V. Moreno},
  title =	 {The Mid $p$-Value in Exact Tests for Hardy-Weinberg
                  Equilibrium},
  journal =	 {Statistical Applications in Genetics and Molecular
                  Biology},
  volume =	 12,
  number =	 4,
  pages =	 {433--448},
  year =	 2013,
}

@Manual{graffel23,
  title =	 {\pkg{HardyWeinberg}: Graphical Tests for
                  Hardy-Weinberg Equilibrium},
  author =	 {Jan Graffelman},
  year =	 2015,
  note =	 {\proglang{R}~package version~1.5.5},
  url =		 {http://CRAN.R-project.org/package=HardyWeinberg},
}

@Article{graffel24,
  author =	 {J. Graffelman and M. S\'anchez and S. Cook and
                  V. Moreno},
  title =	 {Statistical Inference for Hardy-Weinberg Proportions
                  in the Presence of Missing Genotype Information},
  journal =	 {PLoS ONE},
  volume =	 8,
  number =	 12,
  pages =        {e83316},
  year =	 2013,
}

@Article{Graffel26,
  author =       {Graffelman, J.},
  title =        {Exploring diallelelic genetic markers: the HardyWeinberg package},
  journal =      {Journal of Statistical Software},
  year =         {2015},
  volume =       {64},
  number =       {3},
  pages =        {1--23},
  url   =        {http://www.jstatsoft.org/v64/i03/}}


@Manual{Graffel27,
  author =       {Graffelman, J. and Nelson, S. C. and Gogarten, S. M. and Weir, B. S.},
   title =       {Exact Inference for Hardy-Weinberg Proportions with Missing Genotypes: Single and Multiple Imputation},
   note =        {Under review.},
   year =        {2015}
}


@article{Graffel28,
author = {Graffelman, J. and Weir, B. S.},
year = {2016},
title = {Testing for Hardy-Weinberg equilibrium at bi-allelic genetic markers on the X chromosome},
journal = {Heredity},
volume = {116},
number = {6},
pages = {558--568},
doi = {10.1038/hdy.2016.20},
url = {http://dx.doi.org/10.1038/hdy.2016.20},
publisher = {Nature Publishing Group}}

@article{Graffel31,
author = {Graffelman, J. and Weir, B.S.},
year = {2017},
title = {On the testing of Hardy-Weinberg  proportions and equality of allele frequencies in males and females at bi-allelic genetic  markers},
journal = {Genetic Epidemiology},
doi = {10.1002/gepi.22079},
url = {http://dx.doi.org/10.1002/gepi.22079},
pages = {1--15}}

@article{Guo,
author = {Guo, W. S. and Thompson, E. A.},
title = {Performing the exact test of {H}ardy-{W}einberg proportion for multiple alleles},
journal = {Biometrics},
volume = {48},
number = {2},
pages = {361-372},
year = {1992}}


@Article{haldane,
  author =	 {J. B. S. Haldane},
  title =	 {An Exact Test for Randomness of Mating},
  journal =	 {Journal of Genetics},
  volume =	 52,
  number =       1,
  pages =	 {631--635},
  year =	 1954,
}

@Article{hapmap3,
  author =	 {{The International HapMap Consortium}},
  title =	 {A Second Generation Human Haplotype Map of over 3.1
                  Million {SNP}s},
  journal =	 {Nature},
  volume =	 449,
  number =       7164,
  pages =	 {851--861},
  year =	 2007,
}

@Article{hardy,
  author =	 {G. H. Hardy},
  title =	 {Mendelian Proportions in a Mixed Population},
  journal =	 {Science},
  volume =	 28,
  number =       706,
  pages =	 {49--50},
  year =	 1908,
}

@Book{hartl,
  author =	 {D. L. Hartl},
  title =	 {Principles of Population Genetics},
  year =	 1980,
  publisher =	 {Sinauer Associates},
  adress =	 {Sunderland, Massachusetts},
}

@Book{hedrick,
  author =	 {P. W. Hedrick},
  title =	 {{G}enetics of {P}opulations},
  year =	 2005,
  publisher =	 {Jones and Bartlett Publishers},
  edition =	 {3rd},
  adress =	 {Sudbury, Massachusetts},
}

@article{Huber,
author = {Huber, M. and Chen, Y. and Dinwoodie, I. and Dobra, A. and Nicholas, M.},
title = {Monte {C}arlo algorithms for {H}ardy-{W}einberg proportions},
journal = {Biometrics},
volume = {62},
number = {1},
pages = {49-53},
year = {2006}}


@Article{lancaster,
  author =	 {H. O. Lancaster},
  title =	 {Significance Tests in Discrete Distributions},
  journal =	 {Journal of the American Statistical Association},
  volume =	 56,
  number =	 294,
  pages =	 {223--234},
  year =	 1961,
}

@InProceedings{leisch,
  author        = {Leisch, Friedrich},
  title         = {\code{Sweave}: Dynamic Generation of Statistical Reports
                  Using Literate Data Analysis},
  booktitle     = {COMPSTAT 2002 -- Proceedings in Computational Statistics},
  year          = {2002},
  editor        = {H{\"a}rdle, Wolfgang and R{\"o}nz, Bernd},
  pages         = {575--580},
  address =      {Heidelberg},
  publisher =    {Physica-Verlag}
}

@Article{levene,
  author =	 {H. Levene},
  title =	 {On a Matching Problem Arising in Genetics},
  journal =	 {The Annals of Mathematical Statistics},
  volume =	 20,
  number =       1,
  pages =	 {91--94},
  year =	 1949,
}

@InProceedings{lindley,
  author =	 {D. V. Lindley},
  title =	 {Statistical Inference Concerning {H}ardy-{W}einberg
                  Equilibrium},
  editor =	 {J. M. Bernardo and M. H. DeGroot and D. V. Lindley
                  and A. F. M. Smith},
  booktitle =	 {Bayesian Statistics, 3},
  pages =	 {307--326},
  publisher =	 {Oxford University Press},
  year =	 1988,
}

@Book{little2,
  author =	 {R. J. A. Little and D. B. Rubin},
  title =	 {Statistical Analysis with Missing Data},
  year =	 2002,
  edition =	 {2nd},
  address =	 {New York},
  publisher =	 {John Wiley \& Sons},
}


@article{Louis,
author = {Louis, E. J. and Dempster, E. R.},
title = {An exact test for {H}ardy-{W}einberg and multiple alleles},
year = {1987},
journal = {Biometrics},
volume = {43},
pages =  {805-811}}


@Manual{maindonald,
  title =	 {\pkg{hwde}: Models and Tests for Departure from
                  Hardy-Weinberg Equilibrium and Independence between
                  Loci},
  author =	 {J. H. Maindonald and R. Johnson},
  year =	 2011,
  note =	 {\proglang{R}~package version~0.62},
  url =		 {http://CRAN.R-project.org/package=hwde},
}

@Book{mourant,
  author =	 {A. E. Mourant and A. C. Kope\'c and
                  K. Domaniewska-Sobczak},
  title =	 {{T}he {D}istribution of the {H}uman {B}lood {G}roups
                  and Other {P}olymorphisms},
  year =	 1976,
  edition =	 {2nd},
  publisher =	 {Oxford University Press},
  address =	 {London},
}


@Article{Puig,
author = {X. Puig and J. Ginebra and J. Graffelman},
year = {2017},
title = {A Bayesian test for Hardy-Weinberg equilibrium of bi-allelic X-chromosomal markers},
volume = {119},
number = {4},
pages  = {226--236},
journal = {Heredity},
doi = {10.1038/hdy.2017.30},
url = {http://dx.doi.org/10.1038/hdy.2017.30},
}

@Article{Puig2,
author = {X. Puig and J. Ginebra and J. Graffelman},
year = {2019},
title = {Bayesian model selection for the study of Hardy-Weinberg proportions and homogeneity of gender allele frequencies},
note = {Under review.}}

@Article{purcell,
  author =	 {S. Purcell and B. Neale and K. Todd-Brown and
                  L. Thomas and M. A. R. Ferreira and D. Bender and
                  J. Maller and P. Sklar and P. I. W. de Bakker and
                  M. J. Daly and P. C. Sham},
  title =	 {\pkg{PLINK}: A Toolset for Whole-Genome Association and
                  Population-Based Linkage Analysis},
  year =	 2007,
  journal =	 {American Journal of Human Genetics},
  volume =	 81,
  number =	 3,
  pages =	 {559--575},
  url =		 {http://pngu.mgh.harvard.edu/purcell/plink/},
}

@Manual{rrr,
  title =	 {\proglang{R}: A Language and Environment for Statistical
                  Computing},
  author =	 {{\proglang{R} Core Team}},
  organization = {\proglang{R} Foundation for Statistical Computing},
  address =	 {Vienna, Austria},
  year =	 2014,
  url =		 {http://www.R-project.org/},
}

@Article{rohlfs,
  author =	 {R. V. Rohlfs and B. S. Weir},
  title =	 {Distributions of {H}ardy-{W}einberg Equilibrium Test
                  Statistics},
  journal =	 {Genetics},
  volume =	 180,
  number =       3,
  pages =	 {1609--1616},
  year =	 2008,
}

@Article{shoemaker,
  author =	 {J. Shoemaker and I. Painter and B. S. Weir},
  title =	 {A Bayesian Characterization of Hardy-Weinberg
                  Disequilibrium},
  year =	 1998,
  journal =	 {Genetics},
  volume =	 149,
  number =       4,
  pages =	 {2079--2088},
}

@Article{stern,
  author =	 {C. Stern},
  title =	 {The Hardy-Weinberg Law},
  year =	 1943,
  journal =	 {Science},
  volume =	 97,
  number =	 2510,
  pages =	 {137--138},
}

@Manual{venturini,
  title =	 {\pkg{HWEintrinsic}: Objective Bayesian Testing for
                  the Hardy-Weinberg Equilibrium Problem},
  author =	 {S. Venturini},
  year =	 2011,
  note =	 {\proglang{R}~package version~1.2},
  url =		 {http://CRAN.R-project.org/package=HWEintrinsic},
}

@Article{wakefield,
  author =	 {J Wakefield},
  title =	 {Bayesian Methods for Examining Hardy-Weinberg
                  Equilibrium},
  journal =	 {Biometrics},
  volume =	 66,
  number =       1,
  pages =	 {257--265},
  year =	 2010,
}

@Manual{warnes,
  title =	 {\pkg{genetics}: Population Genetics},
  author =	 {Gregory Warnes},
  year =	 2011,
  note =	 {\proglang{R}~package version~1.3.6},
  url =		 {http://CRAN.R-project.org/package=genetics},
}

@InProceedings{weinberg,
  author =	 {W. Weinberg},
  title =	 {On the Demonstration of Heredity in Man},
  year =	 1908,
  booktitle =	 {Papers on Human Genetics},
  editor =	 {S. H. Boyer},
  publisher =	 {Prentice Hall},
  address =	 {Englewood Cliffs, NJ},
  note =	 {translated, 1963},
}

@Book{weir,
  author =	 {B. S. Weir},
  title =	 {Genetic Data Analysis II},
  year =	 1996,
  publisher =	 {Sinauer Associates},
  address =	 {Massachusetts},
}

@article{Yasuda,
 author  = {Yasuda, N. and Kimura, M.},
 title   = {A gene-counting method of maximum likelihood for estimating gene frequencies in ABO and ABO-like systems},
 year    = {1968},
 journal = {Annals of Human Genetics},
 volume  = {31},
 number  = {4)},
 pages   = {409--420},
 doi     = {doi:10.1111/j.1469-1809.1968.tb00574.x}}

@Manual{Rserve,
  title =	 {\pkg{Rserve}: Binary \proglang{R} server},
  author =	 {Simon Urbanek},
  year =	 {2013},
  note =	 {\proglang{R} package version 1.7-3},
  url =		 {http://CRAN.R-project.org/package=Rserve},
}
