%% This BibTeX bibliography file was created using BibDesk.
%% http://bibdesk.sourceforge.net/

%% Created for Ranjiva at 2019-02-15 19:37:10 +0530 


%% Saved with string encoding Unicode (UTF-8) 

@Book{Glas04,
	Title = {{Monte Carlo} Methods in Financial Engineering},
	Author = {Paul Glasserman},
	Publisher = {Springer},
	Year = {2004},
	Address = {New York, NY, USA}
}


@Book{ggplot,
	author = {Hadley Wickham},
	title = {ggplot2: Elegant Graphics for Data Analysis},
	publisher = {Springer-Verlag New York},
	year = {2016},
	isbn = {978-3-319-24277-4},
	url = {http://ggplot2.org},
}


@Article{rcpp1,
	title = {{Rcpp}: Seamless {R} and {C++} Integration},
	author = {Dirk Eddelbuettel and Romain Fran\c{c}ois},
	journal = {Journal of Statistical Software},
	year = {2011},
	volume = {40},
	number = {8},
	pages = {1--18},
	url = {http://www.jstatsoft.org/v40/i08/},
	doi = {10.18637/jss.v040.i08},
}


@Book{rcpp2,
	title = {Seamless {R} and {C++} Integration with {Rcpp}},
	author = {Dirk Eddelbuettel},
	publisher = {Springer},
	address = {New York},
	year = {2013},
	note = {ISBN 978-1-4614-6867-7},
	doi = {10.1007/978-1-4614-6868-4},
}


@Article{rcpp3,
	title = {{Extending 	extit{R} with 	extit{C++}: A Brief Introduction to 	extit{Rcpp}}},
	author = {Dirk Eddelbuettel and James Joseph Balamuta},
	journal = {PeerJ Preprints},
	year = {2017},
	month = {aug},
	volume = {5},
	pages = {e3188v1},
	issn = {2167-9843},
	url = {https://doi.org/10.7287/peerj.preprints.3188v1},
	doi = {10.7287/peerj.preprints.3188v1},
}

@Manual{roxygen,
	title = {roxygen2: In-Line Documentation for R},
	author = {Hadley Wickham and Peter Danenberg and Manuel Eugster},
	year = {2018},
	note = {R package version 6.1.1},
	url = {https://CRAN.R-project.org/package=roxygen2},
}

@Manual{devtools,
	title = {devtools: Tools to Make Developing R Packages Easier},
	author = {Hadley Wickham and Jim Hester and Winston Chang},
	year = {2018},
	note = {R package version 2.0.1},
	url = {https://CRAN.R-project.org/package=devtools},
}

@Manual{rStudio,
	title = {RStudio: Integrated Development Environment for R},
	author = {{RStudio Team}},
	organization = {RStudio, Inc.},
	address = {Boston, MA},
	year = {2016},
	url = {http://www.rstudio.com/},
}

@Manual{micR,
	title = {Microsoft R Open},
	author = {Microsoft and R Core Team},
	organization = {Microsoft},
	address = {Redmond, Washington},
	year = {2017},
	url = {https://mran.microsoft.com/},
}

@Manual{baseR,
	title = {R: A Language and Environment for Statistical Computing},
	author = {{R Core Team}},
	organization = {R Foundation for Statistical Computing},
	address = {Vienna, Austria},
	year = {2018},
	url = {https://www.R-project.org/},
}

@Manual{microbenchR,
	title = {microbenchmark: Accurate Timing Functions},
	author = {Olaf Mersmann},
	year = {2018},
	note = {R package version 1.4-4},
	url = {https://CRAN.R-project.org/package=microbenchmark},
}

@Manual{plotlyR,
	title = {plotly for R},
	author = {Carson Sievert},
	year = {2018},
	url = {https://plotly-book.cpsievert.me},
}

@article{Vytaras,
	Author = {Brazauskas, V. and Serfling, R.},
	Journal = {North American Actuarial Journal},
	Title = {Robust and Efficient Estimation Of The Tail Index Of A Single-Parameter Pareto Distribution},
	Pages = {12-27},
	Volume = {4},
	Issue = {4},
	Year = {2000}}
 
@TechReport{Hundred,
	author={Fedotenkov, Igor},
	title={{A review of more than one hundred Pareto-tail index estimators}},
	year=2018,
	month=Nov,
	institution={University Library of Munich, Germany},
	type={MPRA Paper},
	url={https://ideas.repec.org/p/pra/mprapa/90072.html},
	number={90072},
	abstract={This paper reviews more than one hundred Pareto (and equivalent) tail index estimators. It focuses on univariate estimators for nontruncated data. We discuss basic ideas of these estimators and provide their analytical expressions. As samples from heavy-tailed distributions are analysed by researchers from various fields of science, the paper provides nontechnical explanations of the methods, which could be understood by researchers with intermediate skills in statistics. We also discuss strengths and weaknesses of the estimators, if they are known. The paper can be viewed as a catalog or a reference book on Pareto-tail index estimators.},
	keywords={Heavy tails; Pareto distribution; tail index; review; extreme value index},
	doi={},
}

@article{Rizzo,
	Author = {M. L. Rizzo},
	Date-Added = {2019-02-15 16:36:09 +0530},
	Date-Modified = {2019-02-15 16:39:00 +0530},
	Journal = {ASTIN Bulletin: The Journal Of The IAA},
	Keywords = {Pareto, goodness-of-fit, heavy-tail, Gini, claims},
	Month = {November},
	Number = {2},
	Pages = {691-715},
	Title = {New Goodness-of-Fit Tests for Pareto Distributions},
	Volume = {39},
	Year = {2009}}

@article{laeken,
	Annote = { @Article{,
    title = {Estimation of Social Exclusion Indicators from Complex
      Surveys: The {R} Package {laeken}},
    author = {Andreas Alfons and Matthias Templ},
    journal = {Journal of Statistical Software},
    year = {2013},
    volume = {54},
    number = {15},
    pages = {1--25},
    url = {http://www.jstatsoft.org/v54/i15/},
  }},
	Author = {Alfons, A. and Templ, M.},
	Date-Added = {2019-02-15 16:06:38 +0530},
	Date-Modified = {2019-02-15 16:20:02 +0530},
	Journal = {Journal of Statistical Software},
	Number = {15},
	Pages = {1-25},
	Title = {Estimation of Social Exclusion Indicators from Complex Surveys: The \proglang{R}~package \pkg{laeken}},
	Volume = {54},
	Year = {2013}}

@inproceedings{Alfons,
	Author = {Alfons, A. and Templ, M. and Fitzmoser, P. and Holzer, J.},
	Date-Added = {2019-02-15 16:01:34 +0530},
	Date-Modified = {2019-02-15 16:05:22 +0530},
	Title = {Robust Pareto Tail Modeling For The Estimation Of Indicators On Social Exclusion Using The R Package laeken},
	Year = {2012}}

@article{Hill,
	Author = {B.M. Hill},
	Date-Added = {2019-02-15 15:57:43 +0530},
	Date-Modified = {2019-02-15 16:00:12 +0530},
	Journal = {The Annals of Statistics},
	Keywords = {Tail of distribution, Bayesian inference, order statistics},
	Number = {5},
	Pages = {1163-1174},
	Title = {A Simple General Approach To Inference About The Tail Of A Distribution},
	Volume = {3},
	Year = {1975}}

@article{Rytgaard,
	Author = {M. Rytgaard},
	Date-Added = {2019-02-15 15:47:36 +0530},
	Date-Modified = {2019-02-15 15:50:36 +0530},
	Journal = {ASTIN Bulletin: The Journal Of The IAA},
	Month = {November},
	Number = {2},
	Pages = {201-216},
	Title = {Estimation In The Pareto Distribution},
	Volume = {20},
	Year = {1990}}

@article{Hubert,
	Author = {Hubert, M. and Dierckx, G. and Vanpaemal, D.},
	Date-Added = {2019-02-14 19:07:14 +0530},
	Date-Modified = {2019-02-15 19:37:07 +0530},
	Journal = {Computational Statistics \& Data Analysis},
	Keywords = {Pareto-type distribution, Extreme value index, Tail index estimation, Influential data points, Robustness},
	Month = {September},
	Pages = {13-28},
	Read = {1},
	Title = {Detecting Influential Data Point For The Hill Estimator In Pareto-Type Distriubtions},
	Volume = {65},
	Year = {2013},
	Bdsk-File-1 = {YnBsaXN0MDDSAQIDBFxyZWxhdGl2ZVBhdGhZYWxpYXNEYXRhXxAjLi4vSW5mbHVlbnRpYWxfZGF0YV9wb2ludHNfSGlsbC5wZGZPEQI2AAAAAAI2AAIAAAxNYWNpbnRvc2ggSEQAAAAAAAAAAAAAAAAAAADNZVgySCsAAAHvhLofSW5mbHVlbnRpYWxfZGF0YV9wbyMyMjVFNjYwLnBkZgAAAAAAAAAAAAAAAAAAAAAAAAAAAAAAAAAAAAAAAAAAAiXmYNiLa/kAAAAAAAAAAAABAAEAAAkgAAAAAAAAAAAAAAAAAAAAGE1hdGhzIGZvciBBbmFseXRpY3MgQm9vawAQAAgAAM1lCtoAAAARAAgAANiLHqEAAAABABQB74S6AV1XkQAFw+oABcPpAAIQ6QACAHRNYWNpbnRvc2ggSEQ6VXNlcnM6AFJBTjE6AERvY3VtZW50czoATUlORCBMYW5rYSBBbmFseXRpY3M6AE1hdGhzIGZvciBBbmFseXRpY3MgQm9vazoASW5mbHVlbnRpYWxfZGF0YV9wbyMyMjVFNjYwLnBkZgAOAEIAIABJAG4AZgBsAHUAZQBuAHQAaQBhAGwAXwBkAGEAdABhAF8AcABvAGkAbgB0AHMAXwBIAGkAbABsAC4AcABkAGYADwAaAAwATQBhAGMAaQBuAHQAbwBzAGgAIABIAEQAEgBjVXNlcnMvUkFOMS9Eb2N1bWVudHMvTUlORCBMYW5rYSBBbmFseXRpY3MvTWF0aHMgZm9yIEFuYWx5dGljcyBCb29rL0luZmx1ZW50aWFsX2RhdGFfcG9pbnRzX0hpbGwucGRmAAATAAEvAAAVAAIAC///AAAACAANABoAJABKAAAAAAAAAgEAAAAAAAAABQAAAAAAAAAAAAAAAAAAAoQ=}}

@article{Bhatti,
	Author = {Bhatti, S. H. and Hussain, S. and Ahmad, T. and Aslam, M. and Aftab, M. and Raza, M. A.},
	Date-Added = {2019-02-06 17:26:02 +0530},
	Date-Modified = {2019-02-06 18:17:43 +0530},
	Journal = {PLoS ONE},
	Month = {May},
	Number = {5},
	Pages = {1-15},
	Read = {1},
	Title = {Efficient estimation of Pareto model: Some modified percentile estimators.},
	Urldate = {https:// doi.org/10.1371/journal.pone.0196456},
	Volume = {13},
	Year = {2018},
	Bdsk-File-1 = {YnBsaXN0MDDSAQIDBFxyZWxhdGl2ZVBhdGhZYWxpYXNEYXRhXxAuLi4vLi4vLi4vLi4vRG93bmxvYWRzL2pvdXJuYWwucG9uZS4wMTk2NDU2LnBkZk8RAaQAAAAAAaQAAgAADE1hY2ludG9zaCBIRAAAAAAAAAAAAAAAAAAAAM1lWDJIKwAAAAXD7Bhqb3VybmFsLnBvbmUuMDE5NjQ1Ni5wZGYAAAAAAAAAAAAAAAAAAAAAAAAAAAAAAAAAAAAAAAAAAAAAAAAAAAACI9U92IB5NgAAAAAAAAAAAAQAAgAACSAAAAAAAAAAAAAAAAAAAAAJRG93bmxvYWRzAAAQAAgAAM1lCtoAAAARAAgAANiAK94AAAABAAwABcPsAAXD6QACEOkAAgA9TWFjaW50b3NoIEhEOlVzZXJzOgBSQU4xOgBEb3dubG9hZHM6AGpvdXJuYWwucG9uZS4wMTk2NDU2LnBkZgAADgAyABgAagBvAHUAcgBuAGEAbAAuAHAAbwBuAGUALgAwADEAOQA2ADQANQA2AC4AcABkAGYADwAaAAwATQBhAGMAaQBuAHQAbwBzAGgAIABIAEQAEgAtVXNlcnMvUkFOMS9Eb3dubG9hZHMvam91cm5hbC5wb25lLjAxOTY0NTYucGRmAAATAAEvAAAVAAIAC///AAAACAANABoAJABVAAAAAAAAAgEAAAAAAAAABQAAAAAAAAAAAAAAAAAAAf0=}}

@mastersthesis{Pokorna,
	Address = {Faculty of Social Sciences, Institute of Economic Studies},
	Author = {M. Pokorna},
	Date-Added = {2019-02-05 19:42:16 +0530},
	Date-Modified = {2019-02-06 18:18:58 +0530},
	Keywords = {Extreme Value Theory, Tail Index, tail be- haviour, risk},
	Month = {May},
	School = {Charles University in Prague},
	Title = {Estimation and Application of the Tail Index},
	type = {Bachelor's Thesis},
	Year = {2016},
	Bdsk-File-1 = {YnBsaXN0MDDSAQIDBFxyZWxhdGl2ZVBhdGhZYWxpYXNEYXRhXxA9Li4vLi4vLi4vLi4vRG93bmxvYWRzL0JQVFhfMjAxNF8yXzExMjMwXzBfMzg3NjYxXzBfMTY1NzUxLnBkZk8RAdYAAAAAAdYAAgAADE1hY2ludG9zaCBIRAAAAAAAAAAAAAAAAAAAAM1lWDJIKwAAAAXD7B9CUFRYXzIwMTRfMl8xMTIzMF8wIzIxQzJFMkYucGRmAAAAAAAAAAAAAAAAAAAAAAAAAAAAAAAAAAAAAAAAAAACHC4v2Gd2+gAAAAAAAAAAAAQAAgAACSAAAAAAAAAAAAAAAAAAAAAJRG93bmxvYWRzAAAQAAgAAM1lCtoAAAARAAgAANhnKaIAAAABAAwABcPsAAXD6QACEOkAAgBETWFjaW50b3NoIEhEOlVzZXJzOgBSQU4xOgBEb3dubG9hZHM6AEJQVFhfMjAxNF8yXzExMjMwXzAjMjFDMkUyRi5wZGYADgBQACcAQgBQAFQAWABfADIAMAAxADQAXwAyAF8AMQAxADIAMwAwAF8AMABfADMAOAA3ADYANgAxAF8AMABfADEANgA1ADcANQAxAC4AcABkAGYADwAaAAwATQBhAGMAaQBuAHQAbwBzAGgAIABIAEQAEgA8VXNlcnMvUkFOMS9Eb3dubG9hZHMvQlBUWF8yMDE0XzJfMTEyMzBfMF8zODc2NjFfMF8xNjU3NTEucGRmABMAAS8AABUAAgAL//8AAAAIAA0AGgAkAGQAAAAAAAACAQAAAAAAAAAFAAAAAAAAAAAAAAAAAAACPg==}}

@article{Zaher,
	Author = {Zaher, H. M. and El-Sheik, A. A. and El-Magd, N. A. T. A.},
	Date-Added = {2019-02-05 19:28:17 +0530},
	Date-Modified = {2019-02-06 18:17:32 +0530},
	Journal = {British Journal of Mathematics \& Computer Science},
	Keywords = {Pareto distribution, fuzzy least-squares, TL-moments, L-moments, LQ-moments, maximum likelihood, simulations},
	Month = {May},
	Number = {14},
	Pages = {2067-2088},
	Rating = {3},
	Read = {1},
	Title = {Estimation of Pareto Parameters Using a Fuzzy Least-Squares Method and Other Known Techniques with a Comparison},
	Volume = {4},
	Year = {2014},
	Bdsk-File-1 = {YnBsaXN0MDDSAQIDBFxyZWxhdGl2ZVBhdGhZYWxpYXNEYXRhXxAyLi4vLi4vLi4vLi4vRG93bmxvYWRzL1phaGVyNDE0MjAxNEJKTUNTMTA4OTBfMS5wZGZPEQG0AAAAAAG0AAIAAAxNYWNpbnRvc2ggSEQAAAAAAAAAAAAAAAAAAADNZVgySCsAAAAFw+wcWmFoZXI0MTQyMDE0QkpNQ1MxMDg5MF8xLnBkZgAAAAAAAAAAAAAAAAAAAAAAAAAAAAAAAAAAAAAAAAAAAAAAAiQ4j9iBz0YAAAAAAAAAAAAEAAIAAAkgAAAAAAAAAAAAAAAAAAAACURvd25sb2FkcwAAEAAIAADNZQraAAAAEQAIAADYgYHuAAAAAQAMAAXD7AAFw+kAAhDpAAIAQU1hY2ludG9zaCBIRDpVc2VyczoAUkFOMToARG93bmxvYWRzOgBaYWhlcjQxNDIwMTRCSk1DUzEwODkwXzEucGRmAAAOADoAHABaAGEAaABlAHIANAAxADQAMgAwADEANABCAEoATQBDAFMAMQAwADgAOQAwAF8AMQAuAHAAZABmAA8AGgAMAE0AYQBjAGkAbgB0AG8AcwBoACAASABEABIAMVVzZXJzL1JBTjEvRG93bmxvYWRzL1phaGVyNDE0MjAxNEJKTUNTMTA4OTBfMS5wZGYAABMAAS8AABUAAgAL//8AAAAIAA0AGgAkAFkAAAAAAAACAQAAAAAAAAAFAAAAAAAAAAAAAAAAAAACEQ==}}

@unpublished{RMM,
	Author = {Munasinghe, R. M. and Kossinna, P. and Wijeratne, D. and Jayasinghe, D.},
	Date-Added = {2019-02-05 17:23:15 +0530},
	Date-Modified = {2019-02-05 18:23:48 +0530},
	Note = {Fat Tails and Power Laws in Business Data},
	Title = {In Preparation},
	Year = {2019}}

@unpublished{Nolan,
	Author = {J. P. Nolan},
	Date-Added = {2019-02-05 17:07:40 +0530},
	Date-Modified = {2019-02-05 18:25:49 +0530},
	Note = {http://fs2.american.edu/jpnolan/www/stable/chap1.pdf},
	Title = {Stable Distributions: Models For Heavy Tailed Data},
	Year = {2017}}

@unpublished{Nair,
	Author = {Nair, J. and Wierman, A. and Zwart, B.},
	Date-Added = {2019-02-05 13:45:46 +0530},
	Date-Modified = {2019-02-06 18:16:50 +0530},
	Note = {http://users.cms.caltech.edu/~adamw/heavytails.html},
	Title = {The Fundamentals Of Heavy Tails: Properties, Emergence, And Identification},
	Year = {2019}}

@book{Taleb,
	Author = {N. N. Taleb},
	Date-Added = {2019-02-05 13:42:11 +0530},
	Date-Modified = {2019-02-05 18:12:35 +0530},
	Publisher = {Stem Academic Publishing},
	Read = {1},
	Title = {The Statistical Consequences Of Fat Tails},
	Year = {2019},
	Bdsk-File-1 = {YnBsaXN0MDDSAQIDBFxyZWxhdGl2ZVBhdGhZYWxpYXNEYXRhXxBCLi4vLi4vLi4vLi4vRG93bmxvYWRzL1RIRV9TVEFUSVNUSUNBTF9DT05TRVFVRU5DRVNfT0ZfRkFUX1RBSUwucGRmTxEB5gAAAAAB5gACAAAMTWFjaW50b3NoIEhEAAAAAAAAAAAAAAAAAAAAzWVYMkgrAAAABcPsH1RIRV9TVEFUSVNUSUNBTF9DT04jMjExNkIzQi5wZGYAAAAAAAAAAAAAAAAAAAAAAAAAAAAAAAAAAAAAAAAAAAIRazvYSp8CAAAAAAAAAAAABAACAAAJIAAAAAAAAAAAAAAAAAAAAAlEb3dubG9hZHMAABAACAAAzWUK2gAAABEACAAA2EpRqgAAAAEADAAFw+wABcPpAAIQ6QACAERNYWNpbnRvc2ggSEQ6VXNlcnM6AFJBTjE6AERvd25sb2FkczoAVEhFX1NUQVRJU1RJQ0FMX0NPTiMyMTE2QjNCLnBkZgAOAFoALABUAEgARQBfAFMAVABBAFQASQBTAFQASQBDAEEATABfAEMATwBOAFMARQBRAFUARQBOAEMARQBTAF8ATwBGAF8ARgBBAFQAXwBUAEEASQBMAC4AcABkAGYADwAaAAwATQBhAGMAaQBuAHQAbwBzAGgAIABIAEQAEgBBVXNlcnMvUkFOMS9Eb3dubG9hZHMvVEhFX1NUQVRJU1RJQ0FMX0NPTlNFUVVFTkNFU19PRl9GQVRfVEFJTC5wZGYAABMAAS8AABUAAgAL//8AAAAIAA0AGgAkAGkAAAAAAAACAQAAAAAAAAAFAAAAAAAAAAAAAAAAAAACUw==}}

@book{Sornette,
	Author = {D Sornette},
	Date-Added = {2019-02-05 13:37:53 +0530},
	Date-Modified = {2019-02-05 18:03:33 +0530},
	Publisher = {Springer Series in Synergetics},
	Read = {1},
	Title = {Critical Phenomena In Natural Sciences, Chaos, Fractals, Selforganization And Disorder: Concepts And Tools},
	Year = {2004}}

@article{Newman,
	Author = {M. E. J. Newman},
	Date-Added = {2019-02-05 13:37:52 +0530},
	Date-Modified = {2019-02-05 18:14:47 +0530},
	Journal = {Contemporary Physics},
	Pages = {323-351},
	Read = {1},
	Title = {Power Laws, Pareto Distributions And Zipf's Law},
	Volume = {46},
	Year = {2005}}
