@article{hernandez2018bayesian,
  title={Bayesian additive regression trees using Bayesian model averaging},
  author={Hernandez, Belinda and Raftery, Adrian E and Pennington, Stephen R and Parnell, Andrew C},
  journal={Statistics and Computing},
  volume={28},
  number={4},
  pages={869--890},
  year={2018},
  publisher={Springer}
}
@article{doppelhofer2009jointnessa,
	title={Jointness of growth determinants},
	author={Doppelhofer, Gernot and Weeks, Melvyn},
	journal={Journal of Applied Econometrics},
	volume={24},
	number={2},
	pages={209--244},
	year={2009},
	publisher={Wiley Online Library}
}
@article{ley2007jointness,
	title={Jointness in Bayesian variable selection with applications to growth regression},
	author={Ley, Eduardo and Steel, Mark FJ},
	journal={Journal of Macroeconomics},
	volume={3},
	number={29},
	pages={476--493},
	year={2007}
}
@article{hofmarcher2018bivariate,
	title={Bivariate jointness measures in Bayesian Model Averaging: Solving the conundrum},
	author={Hofmarcher, Paul and Cuaresma, Jesus Crespo and Grun, Bettina and Humer, Stefan and Moser, Mathias},
	journal={Journal of Macroeconomics},
	year={2018},
	publisher={Elsevier}
}
@article{cuaresma2015comprehensive,
	title={A comprehensive approach to posterior jointness analysis in Bayesian model averaging applications},
	author={Cuaresma, Jesus Crespo and Grun, Bettina and Hofmarcher, Paul and Humer, Stefan and Moser, Mathias and others},
	journal={Vienna University of Economics and Business Department of Economics, Working Paper Series},
	volume={193},
	pages={1--26},
	year={2015}
}
@article{doppelhofer2009jointnessb,
	title={Jointness of growth determinants: reply to comments by Rodney Strachan, Eduardo Ley and Mark FJ Steel},
	author={Doppelhofer, Gernot and Weeks, Melvyn},
	journal={Journal of Applied Econometrics},
	volume={24},
	number={2},
	pages={252--256},
	year={2009},
	publisher={Wiley Online Library}
}
@article{man2018critical,
	title={Critical appraisal of jointness concepts in Bayesian model averaging: Evidence from life sciences, sociology, and other scientific fields},
	author={Man, Georg},
	journal={Journal of Applied Statistics},
	volume={45},
	number={5},
	pages={845--867},
	year={2018},
	publisher={Taylor \& Francis}
}
@article{strachan2009comment,
	title={Comment on ‘Jointness of growth determinants’ by Gernot Doppelhofer and Melvyn Weeks},
	author={Strachan, Rodney W},
	journal={Journal of Applied Econometrics},
	volume={24},
	number={2},
	pages={245--247},
	year={2009},
	publisher={Wiley Online Library}
}
@article{chipman2010bart,
  title={BART: Bayesian additive regression trees},
  author={Chipman, Hugh A and George, Edward I and McCulloch, Robert E and others},
  journal={The Annals of Applied Statistics},
  volume={4},
  number={1},
  pages={266--298},
  year={2010},
  publisher={Institute of Mathematical Statistics}
}



