@inproceedings{DBLP:conf/kdd/McMahanHSYEGNPDGCLWHBK13,
  author    = {H. Brendan McMahan and
               Gary Holt and
               David Sculley and
               Michael Young and
               Dietmar Ebner and
               Julian Grady and
               Lan Nie and
               Todd Phillips and
               Eugene Davydov and
               Daniel Golovin and
               Sharat Chikkerur and
               Dan Liu and
               Martin Wattenberg and
               Arnar Mar Hrafnkelsson and
               Tom Boulos and
               Jeremy Kubica},
  editor    = {Inderjit S. Dhillon and
               Yehuda Koren and
               Rayid Ghani and
               Ted E. Senator and
               Paul Bradley and
               Rajesh Parekh and
               Jingrui He and
               Robert L. Grossman and
               Ramasamy Uthurusamy},
  title     = {Ad click prediction: a view from the trenches},
  booktitle = {The 19th {ACM} {SIGKDD} International Conference on Knowledge Discovery
               and Data Mining, {KDD} 2013, Chicago, IL, USA, August 11-14, 2013},
  pages     = {1222--1230},
  publisher = {{ACM}},
  year      = {2013},
  url       = {http://doi.acm.org/10.1145/2487575.2488200},
  doi       = {10.1145/2487575.2488200},
  timestamp = {Tue, 10 Sep 2013 10:11:57 +0200},
  biburl    = {http://dblp.uni-trier.de/rec/bib/conf/kdd/McMahanHSYEGNPDGCLWHBK13},
  bibsource = {dblp computer science bibliography, http://dblp.org}
}


@article{zhang2014real,
title={Real-Time Bidding Benchmarking with iPinYou Dataset},
author={Zhang, Weinan and Yuan, Shuai and Wang, Jun and Shen, Xuehua},
journal={arXiv preprint arXiv:1407.7073},
year={2014}
} 

@inproceedings{DBLP:conf/icml/WeinbergerDLSA09,
  author    = {Kilian Q. Weinberger and
               Anirban Dasgupta and
               John Langford and
               Alexander J. Smola and
               Josh Attenberg},
  title     = {Feature hashing for large scale multitask learning},
  booktitle = {Proceedings of the 26th Annual International Conference on Machine
               Learning, {ICML} 2009, Montreal, Quebec, Canada, June 14-18, 2009},
  pages     = {1113--1120},
  year      = {2009},
  editor    = {Andrea Pohoreckyj Danyluk and
               L{\'{e}}on Bottou and
               Michael L. Littman},
  url       = {http://doi.acm.org/10.1145/1553374.1553516},
  doi       = {10.1145/1553374.1553516},
  timestamp = {Mon, 29 Sep 2014 17:13:49 +0200},
  biburl    = {http://dblp.uni-trier.de/rec/bib/conf/icml/WeinbergerDLSA09},
  bibsource = {dblp computer science bibliography, http://dblp.org}
}

@proceedings{DBLP:conf/icml/2009,
  editor    = {Andrea Pohoreckyj Danyluk and
               L{\'{e}}on Bottou and
               Michael L. Littman},
  title     = {Proceedings of the 26th Annual International Conference on Machine
               Learning, {ICML} 2009, Montreal, Quebec, Canada, June 14-18, 2009},
  series    = {{ACM} International Conference Proceeding Series},
  volume    = {382},
  publisher = {{ACM}},
  year      = {2009},
  isbn      = {978-1-60558-516-1},
  timestamp = {Thu, 19 May 4451261 05:22:40 +},
  biburl    = {http://dblp.uni-trier.de/rec/bib/conf/icml/2009},
  bibsource = {dblp computer science bibliography, http://dblp.org}
}
