@article{armstrong2007performance,
  title={On the performance of the lz person-fit statistic},
  author={Armstrong, R.D. and Stoumbos, Z.G. and Kung, M.T. and Shi, M.},
  journal={Practical Assessment, Research \& Evaluation},
  volume={12},
  number={16},
  year={2007}
}
@article{de2008improving,
  title={Improving Person-Fit Assessment by Correcting the Ability Estimate and Its Reference Distribution},
  author={De La Torre, J. and Deng, W.},
  journal={Journal of Educational Measurement},
  volume={45},
  number={2},
  pages={159--177},
  year={2008},
  publisher={Wiley Online Library}
}
@article{drasgow1985appropriateness,
  title={Appropriateness measurement with polychotomous item response models and standardized indices},
  author={Drasgow, F. and Levine, M.V. and Williams, E.A.},
  journal={British Journal of Mathematical and Statistical Psychology},
  volume={38},
  number={1},
  pages={67--86},
  year={1985},
  publisher={Wiley Online Library}
}
@article{efron1981jackknife,
  title={The jackknife estimate of variance},
  author={Efron, B. and Stein, C.},
  journal={The Annals of Statistics},
  pages={586--596},
  year={1981},
  publisher={JSTOR}
}
@article{karabatsos2003comparing,
  title={Comparing the aberrant response detection performance of thirty-six person-fit statistics},
  author={Karabatsos, G.},
  journal={Applied Measurement in Education},
  volume={16},
  number={4},
  pages={277--298},
  year={2003},
  publisher={Taylor \& Francis}
}
@article{magis2012didactic,
  title={A didactic presentation of Snijdersâ€™s lz* index of person fit with emphasis on response model selection and ability estimation},
  author={Magis, D. and Ra{\^\i}che, G. and B{\'e}land, S.},
  journal={Journal of Educational and Behavioral statistics},
  volume={37},
  number={1},
  pages={57--81},
  year={2012},
  publisher={SAGE Publications Sage CA: Los Angeles, CA}
}
@article{meijer2001methodology,
  title={Methodology review: Evaluating person fit},
  author={Meijer, R.R. and Sijtsma, K.},
  journal={Applied Psychological Measurement},
  volume={25},
  number={2},
  pages={107--135},
  year={2001},
  publisher={Sage Publications Sage CA: Thousand Oaks, CA}
}
@article{molenaar1990many,
  title={The many null distributions of person fit indices},
  author={Molenaar, I.W. and Hoijtink, H.},
  journal={Psychometrika},
  volume={55},
  number={1},
  pages={75--106},
  year={1990},
  publisher={Springer}
}
@article{mousavievaluate,
  title={Evaluate the performance of and of person fit: A simulation study},
  author={Mousavi, A. and Cui, Y.}
}
@article{reise1990comparison,
  title={A comparison of item-and person-fit methods of assessing model-data fit in IRT},
  author={Reise, S.P.},
  journal={Applied Psychological Measurement},
  volume={14},
  number={2},
  pages={127--137},
  year={1990},
  publisher={Sage Publications Sage CA: Thousand Oaks, CA}
}
@article{snijders2001asymptotic,
  title={Asymptotic null distribution of person fit statistics with estimated person parameter},
  author={Snijders, T.AB},
  journal={Psychometrika},
  volume={66},
  number={3},
  pages={331--342},
  year={2001},
  publisher={Springer}
}
@article{wright1990computation,
  title={Computation of OUTFIT and INFIT statistics},
  author={Wright, B.D. and Masters, G.N.},
  journal={Rasch Measurement Transactions},
  volume={3},
  number={4},
  pages={84--85},
  year={1990}
}
@article{Snijders2001lzstar,
  title={Asymptotic null distribution of person fit statistics with estimated person parameter},
  author={Snijders, T.B.},
  journal={Rasch Measurement Transactions},
  volume={66},
  number={3},
  pages={331--342},
  year={2001}
}
@book{wright1982rating,
  title={Rating Scale Analysis. Rasch Measurement.},
  author={Wright, B.D. and Masters, G.N.},
  year={1982},
  publisher={ERIC}
}