%% Saved with string encoding Unicode (UTF-8) 

@Manual{somebm,
    title = {somebm: some Brownian motions simulation functions},
    author = {Junwen Huang},
    year = {2013},
    note = {R package version 0.1},
    url = {https://CRAN.R-project.org/package=somebm},
 }
 
 @Manual{dvfBm,
    title = {dvfBm: Discrete variations of a fractional Brownian motion},
    author = {Jean-Francois Coeurjolly},
    year = {2009},
    note = {R package version 1.0},
    url = {https://CRAN.R-project.org/package=dvfBm},
  }

  @Manual{stable,
    title = {stable: Probability Functions and Generalized Regression Models for
Stable Distributions},
    author = {Bruce Swihart and Jim Lindsey and Philippe Lambert},
    year = {2017},
    note = {R package version 1.1.2},
    url = {https://CRAN.R-project.org/package=stable},
  }
  
  
  @Manual{stabledist,
    title = {stabledist: Stable Distribution Functions},
    author = {Diethelm Wuertz and Martin Maechler and Rmetrics core team members.},
    year = {2016},
    note = {R package version 0.7-1},
    url = {https://CRAN.R-project.org/package=stabledist},
  }
  
@article{DI17,
	Author = {Dang, T.T.N and Istas, J.},
	Journal = {Electronic Journal of Statistics},
	Number = {2},
	Pages = {4103-4150},
	Title = {Estimation of the Hurst and the stability indices of a $H$-self-similar stable process},
	Volume = {11},
	Year = {2017},
        url  = {https://doi.org/10.1214/17-EJS1357}
}

@article{BLP17,
  author        = {Basse-O'Connor, A. and Lachi\`{e}ze-Rey, R. and Podolskij, M.},
  title         = {Power variation for a class of stationary increments {L\'evy} driven moving averages},
  journal       = {Annals of Probability},
  year          = {2017},
  volume        = {45},
  number        = {6B},
  pages         = {4477-4528},
  url           = {https://doi.org/10.1214/16-AOP1170}
}

@article{MOP18,
  title = {Estimation of the linear fractional stable motion},
  author = {Mazur, Stepan and Otryakhin, Dmitry and Podolskij, Mark},
  journal = {Bernoulli},
  volume = {26},
  number = {1},
  pages = {226--252},
  year = {2020},
  publisher = {Bernoulli Society for Mathematical Statistics and Probability},
  url = {https://doi.org/10.3150/19-BEJ1124}
}

@Article{StoevTaqqu04,
  author        = {Stoev, S. and Taqqu, M.S.},
  title         = {Simulation methods for linear fractional stable motion and {FARIMA} using the Fast {Fourier} Transform},
  journal       = {Fractals},
  year          = {2004},
  volume        = {95},
  number        = {1},
  pages         = {95-121},
  url           = {https://doi.org/10.1142/S0218348X04002379},
}

@book{samorodnitsky1994stable,
  title={Stable non-Gaussian random processes: stochastic models with infinite variance},
  author={Samorodnitsky, Gennady and Taqqu, Murad S},
  volume={1},
  year={1994},
  publisher={CRC press}
}

@book{wickham2014,
  title={Advanced r},
  author={Wickham, Hadley},
  year={2014},
  publisher={CRC Press}
}

@Article{Watk,
  author        = {{Watkins}, N.~W. and {Credgington}, D. and {Sanchez}, R. and {Chapman}, S.~C.},
  title         = {{A kinetic equation for linear fractional stable motion with applications to space plasma physics}},
  journal       = {ArXiv e-prints},
  year          = {2008},
  adsnote       = {Provided by the SAO/NASA Astrophysics Data System},
  archiveprefix = {arXiv},
  eprint        = {0803.2833},
  url           = {https://arxiv.org/pdf/0803.2833.pdf}
}

@article{LP2019,
  title     = {A Minimal Contrast Estimator for the Linear Fractional Stable Motion},
  author    = {Ljungdahl, Mathias M{\o}rck and Podolskij, Mark},
  journal   = {Statistical Inference for Stochastic Processes},
  pages     = {1--33},
  year      = {2019},
  publisher = {Springer}
}
