@book{davis1941deep,
  place={Chicago, IL},
  title={Deep South: A Social Anthropological Study of Caste and Class},
  DOI={10.1177/0002716242220001105},
  publisher={University of Chicago Press},
  author={Davis, Allison and Gardner, Burleigh B and Gardner, Mary R},
  year={1941}
}

@misc{ucinet,
title = {Southern Women Data Set},
author = {UCI Network Data Repository},
year = {2006},
url={https://networkdata.ics.uci.edu/netdata/html/davis.html}
}


 @article{zweig2011systematic,
   title={A systematic approach to the one-mode projection of bipartite graphs},
   volume={1},
   ISSN={1869-5469},
   DOI={10.1007/s13278-011-0021-0},
   number={3},
   journal={Social Network Analysis and Mining},
   author={Zweig, Katharina Anna and Kaufmann, Michael},
   year={2011},
   month={Jul},
   pages={187–218}
 }




 @article{strona2014fast,
   title={A fast and unbiased procedure to randomize ecological binary matrices with fixed row and column totals},
   volume={5},
   ISSN={2041-1723},
   DOI={10.1038/ncomms5114},
   journal={Nature Communications},
   publisher={Nature Publishing Group},
   author={Strona, Giovanni and Nappo, Domenico and Boccacci, Francesco and Fattorini, Simone and San-Miguel-Ayanz, Jesus},
   year={2014},
   month={Jun},
   pages={4114}
 }




 @article{neal2014backbone,
   title={The backbone of bipartite projections: Inferring relationships from co-authorship, co-sponsorship, co-attendance and other co-behaviors},
   volume={39},
   ISSN={03788733},
   DOI={10.1016/j.socnet.2014.06.001},
   journal={Social Networks},
   author={Neal, Zachary},
   year={2014},
   month={Oct},
   publisher={Elsevier},
   pages={84–97}
 }


 @article{neal2013identifying,
   title={Identifying statistically significant edges in one-mode projections},
   volume={3},
   ISSN={1869-5469},
   DOI={10.1007/s13278-013-0107-y},
   number={4},
   journal={Social Network Analysis and Mining},
   publisher={Springer},
   author={Neal, Zachary},
   year={2013},
   month={Dec},
   pages={915–924}
 }


@article{strona2018bi,
  title={Bi-dimensional null model analysis of presence-absence binary matrices},
  volume={99},
  ISSN={1939-9170},
  DOI={10.1002/ecy.2043},
  number={1},
  journal={Ecology},
  publisher={Wiley Online Library},
  author={Strona, Giovanni and Ulrich, Werner and Gotelli, Nicholas J.},
  year={2018},
  pages={103–115}
}


@article{Carstens_2015,
  title={Proof of uniform sampling of binary matrices with fixed row sums and column sums for the fast Curveball algorithm},
  volume={91},
  ISSN={1539-3755, 1550-2376},
  DOI={10.1103/PhysRevE.91.042812},
  number={4},
  journal={Physical Review E},
  author={Carstens, C. J.},
  year={2015},
  month={Apr}
}

@article{Tumminello,
   title={Statistically Validated Networks in Bipartite Complex Systems},
   volume={6},
   ISSN={1932-6203},
   DOI={10.1371/journal.pone.0017994},
   number={3},
   journal={PLOS ONE},
   author={Tumminello, Michele and Miccichè, Salvatore and Lillo, Fabrizio and Piilo, Jyrki and Mantegna, Rosario N.},
   year={2011},
   month={Mar},
   pages={e17994}
}

