@article{efron1979,
author = "Efron, B.",
doi = "10.1214/aos/1176344552",
fjournal = "The Annals of Statistics",
journal = "Ann. Statist.",
month = "01",
number = "1",
pages = "1--26",
publisher = "The Institute of Mathematical Statistics",
title = "Bootstrap Methods: Another Look at the Jackknife",
url = "https://doi.org/10.1214/aos/1176344552",
volume = "7",
year = 1979
}

@article{laeken,
   author = {Andreas Alfons and Matthias Templ},
   title = {Estimation of Social Exclusion Indicators from Complex Surveys: The R Package laeken},
   journal = {Journal of Statistical Software, Articles},
   volume = {54},
   number = {15},
   year = {2013},
   keywords = {},
   issn = {1548-7660},
   pages = {1--25},
   doi = {10.18637/jss.v054.i15},
   url = {https://www.jstatsoft.org/v054/i15}
}

@article{raowu1988,
author = { J. N. K.   Rao  and  C. F. J.   Wu },
title = {Resampling Inference with Complex Survey Data},
journal = {Journal of the American Statistical Association},
volume = {83},
number = {401},
pages = {231-241},
year  = {1988},
publisher = {Taylor & Francis},
url = "https://doi.org/10.2307/2288945"
}

@article{chipprest2007,
author = {Chipperfield, James and Preston, John},
year = {2007},
month = {12},
pages = {167-172},
title = {Efficient bootstrap for business surveys},
volume = {33},
journal = {Survey methodology},
url = "https://www.researchgate.net/publication/299052617_Efficient_bootstrap_for_business_surveys"
}

@article{prest2009,
author = {Preston, J},
year = {2009},
month = {12},
pages = {227-234},
title = {Rescaled bootstrap for stratified multistage sampling},
volume = {35},
journal = {Survey Methodology},
url = "https://www.researchgate.net/publication/281735659_Rescaled_bootstrap_for_stratified_multistage_sampling"
}

@article{mekogu2016,
  author = {Meraner, Angelika and Gumprecht, Daniela and Kowarik, Alexander},
  year = {2016},
  month = {06},
  pages = {3},
  title = {Weighting Procedure of the Austrian Microcensus using Administrative Data},
  volume = {45},
  journal = {Austrian Journal of Statistics},
  doi = "10.17713/ajs.v45i3.120",
  url = "https://doi.org/10.17713/ajs.v45i3.120"
}
@article{potter90,
  author={Potter, Frank J},
  title={A Study of Procedures to Identify and Trim Extreme Sampling Weights},
  journal={Proceedings of the American Statistical Association, Section on Survey Research Methods},
  pages={225--230},
  year={1990},
  url = "https://www.researchgate.net/publication/242577922_A_study_of_procedures_to_identify_and_trim_extreme_sampling_weights"
}
@article{potter93,
  author={Potter, Frank J},
  title={The Effect of Weight Trimming on Nonlinear Survey Estimates},
  journal={Proceedings of the American Statistical Association, Section on Survey Research Methods},
  volume = {2},
  pages={758--763},
  year={1993},
  url = "https://www.iser.essex.ac.uk/research/publications/498663"
}
@article{gigaleva2012,
author = {Betti, Gianni and Gagliardi, Francesca and Lemmi, Achille and Verma, Vijay},
year = {2012},
month = {03},
pages = {129--147},
title = {Subnational indicators of poverty and deprivation in Europe: Methodology and applications},
volume = {5},
booktitle = {Cambridge Journal of Regions, Economy and Society}
}
@manual{povmap,
author = {Qinghua, Zhao and Peter, Lanjouw},
year = {2009},
month = {03},
title = {Using PovMap2},
url = "http://iresearch.worldbank.org/PovMap/PovMap2/PovMap2Manual.pdf"
}
@techreport{silcstudy,
    author = {Martin Bauer and Matthias Till and Richard Heuberger and Marcel Bilgili
    and Thomas Glaser and Elisabeth Kafka and Johannes Klotz and Alexander Kowarik and Nadja Lamei and Angelika Meraner and Anneliese Oism{\"u}ller
    and Marc Plate and Stefanie Scheikl and Vlasta Zucha},
    title = {Studie zu Armut und sozialer Eingliederung in den Bundesl{\"a}ndern},
    institution = {Statistik Austria  [in German]},
    year = {2013},
    type = {},
    number = {},
    address = {},
    month = {05},
    note = {},
    language = {DE}
}
@book{atkinson2002,
author = {Atkinson, Anthony and Cantillon, Bea and Marlier, Eric and Nolan, Brian},
year = {2002},
month = {01},
pages = {},
title = {Social Indicators: The EU and Social Inclusion},
isbn = {978-0-19-925349-4},
booktitle = {Oxford Scholarship Online}
}
@article{vebe2006,
author = {Verma, Vijay and Betti, Gianni},
year = {2006},
month = {07},
pages = {935--970},
title = {EU Statistics on Income and Living Conditions (EU-SILC): Choosing the Survey Structure and Sample Design},
volume = {7},
booktitle = {Statistics in Transition}
}

@book{saerndal1992model,
  title={Model Assisted Survey Sampling},
  author={S{\"a}rndal, C.E. and Swensson, B. and Wretman, J.H.},
  isbn={9780387975283},
  lccn={97166983},
  series={Springer series in statistics},
  url={https://books.google.at/books?id=MWCzngEACAAJ},
  year={1992},
  publisher={Springer-Verlag}
}

@article{berger2015,
author = {Berger, Yves and Priam, Rodolphe},
year = {2015},
month = {05},
pages = {},
title = {A simple variance estimator of change for rotating repeated surveys: An application to the European Union Statistics on Income and Living Conditions household surveys},
volume = {179},
journal = {Journal of the Royal Statistical Society: Series A (Statistics in Society)},
doi = {10.1111/rssa.12116}
}

@inbook{berger2017,
author = {Berger, Yves and Osier, Guillaume and Goedemé, Tim},
year = {2017},
month = {01},
pages = {},
title = {Standard error estimation and related sampling issues}
}

@incollection{soton416829,
       booktitle = {Monitoring Social Inclusion in Europe},
          editor = {Anthony B. Atkinson and Anne-Catherine Guio and Eric Marlier},
           title = {Standard error estimation and related sampling issues},
          author = {Yves Berger and Guillaume Osier and Tim Goedeme},
       publisher = {Publications Office of the European Union},
            year = {2017},
           pages = {465--478},
             url = {https://eprints.soton.ac.uk/416829/}
}

@article{devilleClaude,
  Author = {Deville, Jean-Claude},
  Title = {Variance estimation for complex statistics and estimators: Linearization and residual techniques},
  Journal = {Techniques d'Enquête},
  Volume = {25},
  Number = {2},
  Year = {1999},
  Pages = {219--230},
  Keywords = {Rank statistics, Influence function, Factorial analysis, substitution estimators, implicit parameters, fractiles}
}

@techreport{Tzavidis2016From,
author = {Nikos Tzavidis and Li-Chun Zhang and Angela Luna Hernandez and Timo Schmid and Natalia Rojas-Perilla},
copyright = {http://www.econstor.eu/dspace/Nutzungsbedingungen},
keywords = {330; census; design-based methods; diagnostics; inequality; model-based methods},
language = {eng},
number = {2016/13},
publisher = {Freie Universit\"{a}t Berlin, Fachbereich Wirtschaftswissenschaft},
title = {From start to finish: A framework for the production of small area official statistics},
type = {Diskussionsbeitr\"{a}ge},
url = {http://hdl.handle.net/10419/142688},
year = {2016}
}

@Manual{vardpoor,
    title = {{vardpoor}: Estimation of indicators on social exclusion
      and poverty and its linearization, variance estimation},
    author = {Juris Breidaks and Martins Liberts and Santa Ivanova},
    year = {2017},
    note = {R package version 0.9.11},
    institution = {Central Statistical Bureau of Latvia},
    address = {Riga, Latvia},
    url = {https://csblatvia.github.io/vardpoor/},
  }

@article{vijay2017,
author = {Verma, Vijay and Lemmi, Achille and Betti, Gianni and Gagliardi, Francesca and Piacentini, Mario},
year = {2017},
month = {07},
pages = {},
title = {How precise are poverty measures estimated at the regional level?},
volume = {66},
journal = {Regional Science and Urban Economics},
doi = {10.1016/j.regsciurbeco.2017.06.007}
}